%% This BibTeX bibliography file was created using BibDesk.
%% http://bibdesk.sourceforge.net/


%% Created for Graham Hemingway at 2010-07-14 10:43:24 -0500 


%% Saved with string encoding Unicode (UTF-8) 



@url{osek_tt,
	Date-Added = {2010-07-14 10:38:33 -0500},
	Date-Modified = {2010-07-14 10:43:24 -0500},
	Title = {OSEK/VDX Time-Triggered Operating System Specification 1.0, version 1.0 edition, July 2001.},
	Url = {http://www.osek-vdx.org}}

@techreport{sc_04,
	Author = {N. Scaife and P. Caspi},
	Date-Added = {2010-07-14 10:32:20 -0500},
	Date-Modified = {2010-07-14 10:33:23 -0500},
	Institution = {VERIMAG},
	Keywords = {TTA},
	Title = {Intergrating model-based design and preemptive scheduling in mixed time- and event-triggered systems},
	Year = {2004}}

@webpage{FreeRTOS,
	Date-Added = {2010-07-02 13:08:14 -0500},
	Date-Modified = {2010-07-02 13:08:34 -0500},
	Keywords = {Real-Time},
	Url = {http://www.freertos.org/},
	Bdsk-Url-1 = {http://www.freertos.org/}}

@webpage{ttp_os,
	Date-Added = {2010-07-01 10:57:12 -0500},
	Date-Modified = {2010-07-01 10:57:54 -0500},
	Keywords = {TTA},
	Url = {http://www.tttech.com/products/ttp/middleware/real-time-operating-system/},
	Year = {2005},
	Bdsk-Url-1 = {http://www.tttech.com/products/ttp/middleware/real-time-operating-system/}}

@article{gs_03,
	Author = {G. Gossler and J. Sifakis},
	Date-Added = {2010-06-29 11:14:42 -0500},
	Date-Modified = {2010-06-29 11:15:57 -0500},
	Journal = {FST TCS 2003: Foundations of Software Technology and Theoretical Computer Science},
	Keywords = {Theory},
	Pages = {420--433},
	Title = {Component-based construction of deadlock-free systems},
	Year = {2003}}

@phdthesis{pike_05,
	Author = {L. Pike},
	Date-Added = {2010-06-29 10:53:57 -0500},
	Date-Modified = {2010-06-29 10:54:29 -0500},
	Keywords = {TTA},
	School = {University of Indiana},
	Title = {Formal verification of time-triggered systems},
	Year = {2005}}

@conference{bp_09,
	Author = {Blech, J.O. and P{\'e}rin, M.},
	Booktitle = {Proceedings of th 12th International Workshop on Software and Compilers for Embedded Systems},
	Date-Added = {2010-06-29 10:34:02 -0500},
	Date-Modified = {2010-06-29 10:34:12 -0500},
	Keywords = {BIP},
	Pages = {61--70},
	Title = {Certifying deadlock-freedom for BIP models},
	Year = {2009}}

@conference{bbns_09,
	Author = {Bensalem, S. and Bozga, M. and Nguyen, T.H. and Sifakis, J.},
	Booktitle = {Computer Aided Verification},
	Date-Added = {2010-06-29 10:32:49 -0500},
	Date-Modified = {2010-06-29 10:33:06 -0500},
	Keywords = {BIP},
	Organization = {Springer},
	Pages = {614--619},
	Title = {D-finder: A tool for compositional deadlock detection and verification},
	Year = {2009}}

@inproceedings{hpknvks_10,
	Author = {G. Hemingway and J. Porter and N. Kottenstette and C. vanBuskirk and G. Karsai and J. Sztipanovits},
	Booktitle = {IEEE Symposium on Rapid System Prototyping 2010},
	Date-Added = {2010-06-23 13:34:59 -0500},
	Date-Modified = {2010-06-23 13:36:37 -0500},
	Keywords = {TrueTime},
	Month = {June},
	Organization = {IEEE Computer Society},
	Title = {Automated Synthesis of Time-Triggered Architecture-based TrueTime Models for Platform Effects Simulation and Analysis},
	Year = {2010}}

@article{bartholomew_06,
	Author = {Bartholomew, D.},
	Date-Added = {2010-06-23 12:33:27 -0500},
	Date-Modified = {2010-06-23 12:33:39 -0500},
	Journal = {Linux Journal},
	Keywords = {HLA},
	Pages = {3},
	Publisher = {SSC, Inc, 2208 NW Market Street, Suite 407, Seattle, WA, 98107, USA,},
	Title = {QEMU a Multihost Multitarget Emulator},
	Volume = {145},
	Year = {2006}}

@conference{bellard_05,
	Author = {Bellard, F.},
	Date-Added = {2010-06-23 11:28:59 -0500},
	Date-Modified = {2010-06-23 11:29:23 -0500},
	Keywords = {HLA},
	Organization = {USENIX},
	Title = {QEMU, a fast and portable dynamic translator},
	Year = {2005}}

@conference{deVries_09,
	Abstract = {Over the last few decades the amount of electronics in cars has grown rapidly, and with it the amount of embedded software. This is however just the beginning, we are entering a new era driven by trends towards green and efficient driving, safety , electrical vehicles and connected cars through ``intelligent traffic systems'' . Not only will this drive even more electronic systems in cars, it will also create a plethora of connected embedded systems on many levels in cars, between cars and their environment, and between cars. This will offer great opportunities to create the green connected car of the future, and it will also create many challenges in the areas of safety and security, energy efficiency and managing complexity. Cars will have many networked nodes and ``Drive by -X ``trends will require systems that are deterministic in behavior. Real time requirements and the need for resilient systems will also influence future car architectures. The car as part of a continuous driving net- work will influence car architectures as well as human interaction with the car and open up possibilities of many new services. In this talk we will explore these trends and some consequences for embedded system design},
	Author = {Carol de Vries},
	Booktitle = {ESWeek 2009},
	Date-Added = {2010-06-23 10:31:07 -0500},
	Date-Modified = {2010-06-23 10:33:01 -0500},
	Keywords = {HLA},
	Title = {Automotive: Driving Embedded Systems On Wheels},
	Year = {2009}}

@article{hnnsk_10,
	Author = {G. Hemingway and H. Neema and H. Nine and J. Sztipanovits and G. Karsai},
	Date-Added = {2010-06-23 10:15:23 -0500},
	Date-Modified = {2010-06-23 10:16:19 -0500},
	Journal = {Simulation},
	Keywords = {HLA},
	Title = {Rapid Synthesis of HLA-Based Heterogeneous Simulation: A Model-Based Integration Approach},
	Year = {2010}}

@article{bnvk_06,
	Author = {Balasubramanian, D. and Narayanan, A. and van Buskirk, C. and Karsai, G.},
	Date-Added = {2010-06-23 10:12:29 -0500},
	Date-Modified = {2010-06-23 10:13:22 -0500},
	Journal = {Electronic Communications of the EASST},
	Keywords = {GME},
	Title = {The graph rewriting and transformation language: Great},
	Volume = {1},
	Year = {2006}}

@conference{vestal_94,
	Author = {Vestal, S.},
	Booktitle = {Proceedings of 2nd International Workshop on Configurable Distributed Systems, 1994.},
	Date-Added = {2010-06-22 10:52:24 -0500},
	Date-Modified = {2010-06-22 10:52:40 -0500},
	Keywords = {ADL},
	Pages = {136--146},
	Title = {Mode changes in a real-time architecture description language},
	Year = {1994}}

@inproceedings{clements_96,
	Address = {Washington, DC, USA},
	Author = {Clements, Paul C.},
	Booktitle = {IWSSD '96: Proceedings of the 8th International Workshop on Software Specification and Design},
	Date-Added = {2010-06-22 10:01:07 -0500},
	Date-Modified = {2010-06-22 10:01:24 -0500},
	Isbn = {0-8186-7361-3},
	Keywords = {ADL},
	Pages = {16},
	Publisher = {IEEE Computer Society},
	Title = {A Survey of Architecture Description Languages},
	Year = {1996}}

@conference{vc_97,
	Author = {Vestal, S. and Center, T.},
	Booktitle = {Proceedings of the Joint Workshop on Parallel and Distributed Real-Time Systems, 1997},
	Date-Added = {2010-06-22 09:48:10 -0500},
	Date-Modified = {2010-06-22 09:48:55 -0500},
	Keywords = {ADL},
	Organization = {Honeywell Inc.},
	Pages = {11--21},
	Title = {MetaH support for real-time multi-processor avionics},
	Year = {1997}}

@conference{kehacd_09,
	Author = {Klein, G. and Elphinstone, K. and Heiser, G. and Andronick, J. and Cock, D. and Derrin, P. and Elkaduwe, D. and Engelhardt, K. and Kolanski, R. and Norrish, M. and others},
	Booktitle = {Proceedings of the ACM SIGOPS 22nd symposium on Operating systems principles},
	Date-Added = {2010-06-22 09:33:03 -0500},
	Date-Modified = {2010-06-22 09:33:45 -0500},
	Keywords = {Verification},
	Organization = {ACM},
	Pages = {207--220},
	Title = {seL4: Formal verification of an OS kernel},
	Year = {2009}}

@webpage{forwardsim,
	Date-Added = {2010-03-24 14:26:35 -0500},
	Date-Modified = {2010-03-24 14:26:54 -0500},
	Url = {http://www.forwardsim.com},
	Bdsk-Url-1 = {http://www.forwardsim.com}}

@conference{bst_92,
	Author = {D. Becker and R. Singh and S. Tell},
	Booktitle = {Proceedings of the 29th ACM/IEEE Design Automation Conference},
	Date-Added = {2010-03-24 14:20:20 -0500},
	Date-Modified = {2010-03-24 14:20:41 -0500},
	Keywords = {Co-Simulation},
	Organization = {IEEE Computer Society Press},
	Pages = {129--134},
	Title = {An engineering environment for hardware/software co-simulation},
	Year = {1992}}

@conference{rowson_94,
	Author = {J. Rowson},
	Booktitle = {Design Automation, 1994. 31st Conference on},
	Date-Added = {2010-03-24 14:19:41 -0500},
	Date-Modified = {2010-03-24 14:19:57 -0500},
	Keywords = {Co-Simulation},
	Pages = {439--440},
	Title = {Hardware/software co-simulation},
	Year = {1994}}

@conference{hkm_01,
	Author = {A. Hoffmann and T. Kogel and H. Meyr},
	Booktitle = {date},
	Date-Added = {2010-03-24 14:18:50 -0500},
	Date-Modified = {2010-03-24 14:19:16 -0500},
	Keywords = {Co-Simulation},
	Organization = {Published by the IEEE Computer Society},
	Pages = {0760},
	Title = {A framework for fast hardware-software co-simulation},
	Year = {2001}}

@article{mv_04,
	Author = {P. Mosterman and H. Vangheluwe},
	Date-Added = {2010-03-24 14:18:00 -0500},
	Date-Modified = {2010-03-24 14:18:19 -0500},
	Journal = {Simulation},
	Keywords = {Modeling},
	Number = {9},
	Pages = {433},
	Publisher = {SCS},
	Title = {Computer automated multi-paradigm modeling: An introduction},
	Volume = {80},
	Year = {2004}}

@conference{vdm_02,
	Author = {H. Vangheluwe and J. De Lara and P. Mosterman},
	Booktitle = {Proc. AIS2002. Pp},
	Date-Added = {2010-03-24 14:17:14 -0500},
	Date-Modified = {2010-03-24 14:17:37 -0500},
	Keywords = {Modeling},
	Pages = {9--20},
	Title = {An introduction to multi-paradigm modelling and simulation},
	Year = {2002}}

@article{cjkw_07,
	Author = {S. Cook and G. Jones and S. Kent and A. Wills},
	Date-Added = {2010-03-24 14:16:09 -0500},
	Date-Modified = {2010-03-24 14:16:39 -0500},
	Keywords = {Modeling},
	Publisher = {Addison-Wesley Professional},
	Title = {Domain-specific development with visual studio DSL tools},
	Year = {2007}}

@article{tl_93,
	Author = {J. Tolvanen and K. Lyytinen},
	Date-Added = {2010-03-24 14:15:21 -0500},
	Date-Modified = {2010-03-24 14:15:39 -0500},
	Journal = {Scandinavian Journal of Information Systems},
	Keywords = {Modeling},
	Number = {1},
	Pages = {51--77},
	Publisher = {University of Aalborg},
	Title = {Flexible method adaptation in CASE. The metamodeling approach},
	Volume = {5},
	Year = {1993}}

@article{lv_02b,
	Author = {J. de Lara and H. Vangheluwe},
	Date-Added = {2010-03-24 14:13:51 -0500},
	Date-Modified = {2010-03-24 14:15:47 -0500},
	Journal = {Fundamental Approaches to Software Engineering},
	Keywords = {Modeling},
	Pages = {174--188},
	Publisher = {Springer},
	Title = {AToM 3: A Tool for Multi-formalism and Meta-modelling},
	Year = {2002}}

@article{llhl_00,
	Author = {T. Lu and C. Lee and W. Hsia and M. Lin},
	Date-Added = {2010-03-24 14:12:41 -0500},
	Date-Modified = {2010-03-24 14:13:12 -0500},
	Journal = {ACM Transactions on Modeling and Computer Simulation (TOMACS)},
	Keywords = {Simulation},
	Number = {3},
	Pages = {294},
	Publisher = {ACM},
	Title = {Supporting large-scale distributed simulation using HLA},
	Volume = {10},
	Year = {2000}}

@conference{ss_04,
	Author = {H. Sarjoughian and R. Singh},
	Booktitle = {Proceedings of the Advanced Simulation Technology Conference},
	Date-Added = {2010-03-24 14:11:42 -0500},
	Date-Modified = {2010-03-24 14:12:04 -0500},
	Keywords = {Simulation},
	Pages = {235--240},
	Title = {Building simulation modeling environments using systems theory and software architecture principles},
	Year = {2004}}

@article{sz_00,
	Author = {H. Sarjoughian and B. Zeigler},
	Date-Added = {2010-03-24 14:11:00 -0500},
	Date-Modified = {2010-03-24 14:11:22 -0500},
	Journal = {TRANSACTIONS-SOCIETY FOR MODELING AND SIMULATION INTERNATIONAL},
	Keywords = {Simulation},
	Number = {4},
	Pages = {187--197},
	Publisher = {SCS},
	Title = {DEVS and HLA: Complementary Paradigms for Modeling \& Simulation?},
	Volume = {17},
	Year = {2000}}

@webpage{mak,
	Date-Added = {2010-03-24 14:10:14 -0500},
	Date-Modified = {2010-03-24 14:10:22 -0500},
	Keywords = {Simulation},
	Url = {http://www.mak.com},
	Bdsk-Url-1 = {http://www.mak.com}}

@webpage{matlab_hla,
	Date-Added = {2010-03-24 14:09:12 -0500},
	Date-Modified = {2010-03-24 14:09:51 -0500},
	Keywords = {Simulation},
	Url = {http://www.mathworks.com/products/connections/product_main.html?prod_id=696&prod_name=HLA%20Toolbox},
	Bdsk-Url-1 = {http://www.mathworks.com/products/connections/product_main.html?prod_id=696&prod_name=HLA%20Toolbox}}

@conference{zfg_07,
	Author = {G. Zacharewicz and C. Frydman and N. Giambiasi},
	Booktitle = {Proceedings of the 2007 summer computer simulation conference},
	Date-Added = {2010-03-24 09:30:42 -0500},
	Date-Modified = {2010-03-24 09:31:13 -0500},
	Keywords = {Simulation, HLA},
	Organization = {Society for Computer Simulation International},
	Pages = {1086--1093},
	Title = {Mapping PIOVRA in GDEVS/HLA environment},
	Year = {2007}}

@conference{zbcls_99,
	Author = {B. Zeigler and G. Ball and H. Cho and J. Lee and H. Sarjoughian},
	Booktitle = {Spring Simulation Interoperability Workshop},
	Date-Added = {2010-03-24 09:29:32 -0500},
	Date-Modified = {2010-03-24 09:30:11 -0500},
	Keywords = {Simulation},
	Title = {Implementation of the DEVS Formalism over the HLA/RTI: Problems and Solutions},
	Year = {1999}}

@article{ksb_98,
	Author = {U. Klein and S. Stra{\ss}burger and J. Beikirch},
	Date-Added = {2010-03-24 09:28:24 -0500},
	Date-Modified = {2010-03-24 09:28:59 -0500},
	Journal = {SIMULATION SERIES},
	Keywords = {Simulation},
	Pages = {85--90},
	Publisher = {Citeseer},
	Title = {Distributed simulation with JavaGPSS based on the High Level Architecture},
	Volume = {30},
	Year = {1998}}

@conference{henriksen_00,
	Author = {J. Henriksen},
	Booktitle = {Proceedings of the 32nd conference on Winter simulation},
	Date-Added = {2010-03-24 09:27:36 -0500},
	Date-Modified = {2010-03-24 09:27:55 -0500},
	Keywords = {Simulation},
	Organization = {Society for Computer Simulation International},
	Pages = {190},
	Title = {SLX: The X is for Extensibility},
	Year = {2000}}

@conference{dfw_97,
	Author = {J. Dahmann and R. Fujimoto and R. Weatherly},
	Booktitle = {Proceedings of the 29th conference on Winter simulation},
	Date-Added = {2010-03-24 09:26:02 -0500},
	Date-Modified = {2010-03-24 09:26:36 -0500},
	Keywords = {Simulation, HLA},
	Organization = {IEEE Computer Society},
	Pages = {142--149},
	Title = {The department of defense high level architecture},
	Year = {1997}}

@conference{zh_07,
	Author = {F. Zhang and B. Huang},
	Booktitle = {Modelling \& Simulation, 2007. AMS'07. First Asia International Conference on},
	Date-Added = {2010-03-24 09:24:40 -0500},
	Date-Modified = {2010-03-24 09:25:35 -0500},
	Keywords = {Simulation,HLA},
	Pages = {177--180},
	Title = {HLA-Based Network Simulation for Interactive Communication System},
	Year = {2007}}

@conference{westergaard_06,
	Author = {M. Westergaard},
	Booktitle = {7th Workshop on Practical Use of Coloured Petri Nets and the CPN Tools (CPN 2006)},
	Date-Added = {2010-03-24 09:19:24 -0500},
	Date-Modified = {2010-03-24 09:21:00 -0500},
	Keywords = {Simulation},
	Title = {The BRITNeY Suite: A Platform for Experiments},
	Year = {2006}}

@webpage{CPNTools,
	Date-Added = {2010-03-24 09:18:53 -0500},
	Date-Modified = {2010-03-24 09:19:14 -0500},
	Keywords = {Simulation},
	Url = {wiki.daimi.au.dk/cpntools/cpntools.wiki},
	Bdsk-Url-1 = {wiki.daimi.au.dk/cpntools/cpntools.wiki}}

@webpage{DevsJava,
	Date-Added = {2010-03-24 09:18:33 -0500},
	Date-Modified = {2010-03-24 09:18:46 -0500},
	Keywords = {Simulation},
	Url = {www.acims.arizona.edu},
	Bdsk-Url-1 = {www.acims.arizona.edu}}

@webpage{Omnet,
	Date-Added = {2010-03-24 09:18:17 -0500},
	Date-Modified = {2010-03-24 09:18:28 -0500},
	Keywords = {Simulation},
	Url = {www.omnetpp.org},
	Bdsk-Url-1 = {www.omnetpp.org}}

@webpage{Matlab,
	Date-Added = {2010-03-24 09:17:44 -0500},
	Date-Modified = {2010-03-24 09:17:59 -0500},
	Keywords = {Simulation},
	Url = {www.mathworks.com},
	Bdsk-Url-1 = {www.mathworks.com}}

@webpage{portico,
	Date-Added = {2010-03-24 09:17:24 -0500},
	Date-Modified = {2010-03-24 09:17:41 -0500},
	Keywords = {Simulation},
	Url = {www.porticoproject.org},
	Bdsk-Url-1 = {www.porticoproject.org}}

@webpage{delta3d,
	Date-Added = {2010-03-24 09:16:55 -0500},
	Date-Modified = {2010-03-24 09:17:12 -0500},
	Keywords = {Simulation},
	Url = {www.delta3d.org},
	Bdsk-Url-1 = {www.delta3d.org}}

@article{sk_97,
	Author = {J. Sztipanovits and G. Karsai},
	Date-Added = {2010-03-24 09:16:19 -0500},
	Date-Modified = {2010-03-24 09:16:49 -0500},
	Journal = {Computer},
	Keywords = {Modeling},
	Number = {4},
	Pages = {110--111},
	Title = {Model-integrated computing},
	Volume = {30},
	Year = {1997}}

@article{lee_07,
	Author = {E. A. Lee},
	Date-Added = {2010-03-23 14:32:08 -0500},
	Date-Modified = {2010-03-23 14:34:05 -0500},
	Journal = {University of California at Berkeley, Tech. Rep. UCB/EECS-2007-72},
	Keywords = {Modeling},
	Pages = {2007--21},
	Title = {Computing Foundations and Practice for Cyber-Physical Systems: A Preliminary Report},
	Year = {2007}}

@article{lee_08,
	Author = {E. A. Lee},
	Date-Added = {2010-03-23 09:37:53 -0500},
	Date-Modified = {2010-03-23 09:38:19 -0500},
	Journal = {EECS Department, University of California, Berkeley, Tech. Rep. UCB/EECS-2008-8, Jan},
	Keywords = {Modeling},
	Pages = {2008--8},
	Title = {Cyber physical systems: Design challenges},
	Year = {2008}}

@article{fishman_96,
	Author = {C. Fishman},
	Date-Added = {2010-03-23 09:21:47 -0500},
	Date-Modified = {2010-03-23 09:22:56 -0500},
	Journal = {Fast Company},
	Keywords = {Modeling},
	Month = {December},
	Title = {They Write the Right Stuff},
	Volume = {6},
	Year = {1996}}

@article{HLA,
	Date-Added = {2010-03-15 11:50:35 -0500},
	Date-Modified = {2010-03-15 11:50:46 -0500},
	Doi = {10.1109/IEEESTD.2000.92296},
	Journal = {IEEE Std. 1516-2000},
	Keywords = {HLA},
	Pages = {i -22},
	Title = {IEEE Standard for Modeling and Simulation (M Amp;S) High Level Architecture (HLA) - Framework and Rules},
	Year = {2000},
	Bdsk-Url-1 = {http://dx.doi.org/10.1109/IEEESTD.2000.92296}}

@conference{hsslhbcllss_07,
	Author = {W. Herzner and R. Schlick and M. Schlager and B. Leiner and B. Huber and A. Balogh and G. Csertan and A. LeGuennec and T. LeSergent and N. Suri},
	Booktitle = {Proceedings of of 2007 SAE AeroTech Congress \& Exhibition},
	Date-Added = {2010-02-15 14:48:40 -0600},
	Date-Modified = {2010-02-15 14:50:17 -0600},
	Keywords = {Modeling},
	Organization = {Citeseer},
	Title = {Model-based development of distributed embedded real-time systems with the DECOS tool-chain},
	Year = {2007}}

@conference{coh_07,
	Author = {A. Cervin and M. Ohlin and D. Henriksson},
	Booktitle = {Proc. 3rd International Workshop on Networked Control Systems: Tolerant to Faults},
	Date-Added = {2010-02-15 10:48:37 -0600},
	Date-Modified = {2010-02-15 10:49:00 -0600},
	Keywords = {TrueTime},
	Title = {Simulation of networked control systems using TrueTime},
	Year = {2007}}

@conference{ffpt_05,
	Author = {Farcas, E. and Farcas, C. and Pree, W. and Templ, J.},
	Booktitle = {Proceedings of the 2005 ACM SIGPLAN/SIGBED conference on Languages, Compilers, and Tools for Embedded Systems},
	Date-Added = {2010-02-15 10:26:20 -0600},
	Date-Modified = {2010-02-15 10:26:49 -0600},
	Keywords = {Modeling},
	Organization = {ACM New York, NY, USA},
	Pages = {31--39},
	Title = {Transparent distribution of real-time components based on logical execution time},
	Year = {2005}}

@article{bwhlps_03,
	Author = {F. Balarin and Y. Watanabe and H. Hsieh and L. Lavagno and C. Passerone and A. Sangiovanni-Vincentelli},
	Date-Added = {2010-02-15 09:13:17 -0600},
	Date-Modified = {2010-02-15 09:14:29 -0600},
	Journal = {Computer},
	Keywords = {Modeling},
	Month = {April},
	Number = {4},
	Pages = {45--52},
	Publisher = {IEEE Computer Society},
	Title = {Metropolis: An integrated electronic system design environment},
	Volume = {36},
	Year = {2003}}

@article{hf_07,
	Author = {J. Hudak and P. Feiler},
	Date-Added = {2010-02-15 09:07:24 -0600},
	Date-Modified = {2010-02-15 09:10:42 -0600},
	Journal = {Technical Report CMU/SEI-2007-TR-014, Software Engineering Institute (SEI)},
	Keywords = {Modeling},
	Title = {Developing aadl models for control systems: A practitioner's guide},
	Year = {2007}}

@book{grotker_02,
	Author = {T. Grotker},
	Date-Added = {2010-02-15 09:05:31 -0600},
	Date-Modified = {2010-02-15 09:05:55 -0600},
	Keywords = {SystemC},
	Publisher = {Kluwer Academic Publishers Norwell, MA, USA},
	Title = {System design with SystemC},
	Year = {2002}}

@conference{vv_05,
	Author = {P. Van den Bosch and E. Van de Waal},
	Booktitle = {Proceedings of INCOSE Symposium},
	Date-Added = {2010-02-12 10:41:53 -0600},
	Date-Modified = {2010-02-12 10:43:19 -0600},
	Keywords = {TrueTime},
	Title = {{A case study of multi-disciplinary modelling using matlab/simulink and truetime}},
	Year = {2005}}

@misc{tools:gecode,
	Author = {C. Schulte and M. Lagerkvist and G. Tack},
	Howpublished = {http://www.gecode.org/},
	Title = {{Gecode: Generic Constraint Development Environment}}}

@article{sched:offline,
	Author = {K. Schild and J. W{\"u}rtz},
	Journal = {Constraints},
	Month = {Oct.},
	Number = {4},
	Pages = {335-357},
	Publisher = {Kluwer Acad. Pub.},
	Title = {Scheduling of Time-Triggered Real-Time Systems},
	Volume = {5},
	Year = {2000}}

@inproceedings{pks_09,
	Address = {New York, NY, USA},
	Author = {J. Porter and G. Karsai and J. Sztipanovits},
	Booktitle = {EMSOFT '09: Proceedings of the seventh ACM international conference on Embedded software},
	Date-Added = {2010-02-10 13:36:24 -0600},
	Date-Modified = {2010-02-10 13:44:07 -0600},
	Doi = {http://doi.acm.org/10.1145/1629335.1629358},
	Isbn = {978-1-60558-627-4},
	Keywords = {ESMoL},
	Location = {Grenoble, France},
	Pages = {167--176},
	Publisher = {ACM},
	Title = {Towards a time-triggered schedule calculation tool to support model-based embedded software design},
	Year = {2009},
	Bdsk-Url-1 = {http://doi.acm.org/10.1145/1629335.1629358}}

@article{hhk_01,
	Author = {T.A. Henzinger and B. Horowitz and C.M. Kirsch},
	Date-Added = {2010-02-10 10:49:16 -0600},
	Date-Modified = {2010-02-10 10:51:07 -0600},
	Journal = {Lecture Notes in Computer Science},
	Keywords = {TTA},
	Pages = {166-184},
	Title = {Giotto: A time-triggered language for embedded programming.},
	Volume = {2211},
	Year = {2001}}

@conference{hca_03,
	Author = {D. Henriksson and A. Cervin and K.E. {\AA}rz{\'e}n},
	Booktitle = {Proceedings of the Nordic MATLAB Conference, Copenhagen, Denmark},
	Date-Added = {2010-02-08 10:14:22 -0600},
	Date-Modified = {2010-02-08 10:14:54 -0600},
	Keywords = {TrueTime},
	Title = {TrueTime: Real-time control system simulation with MATLAB/Simulink},
	Year = {2003}}

@conference{chla_02,
	Author = {A. Cervin and D. Henriksson and B. Lincoln and K. Arzen},
	Booktitle = {Proceedings of the 2nd Workshop on Real-Time Tools},
	Date-Added = {2010-02-08 10:01:51 -0600},
	Date-Modified = {2010-02-12 10:32:16 -0600},
	Keywords = {TrueTime},
	Title = {Jitterbug and TrueTime: Analysis Tools for Real-Time Control Systems},
	Year = {2002}}

@conference{pvknks_09,
	Author = {J. Porter and P. Volgyesi and N. Kottenstette and H. Nine and G. Karsai and J. Sztipanovits},
	Booktitle = {Proceedings of the 2009 IEEE/IFIP International Symposium on Rapid System Prototyping},
	Date-Added = {2010-02-08 09:58:08 -0600},
	Date-Modified = {2010-02-12 10:36:55 -0600},
	Keywords = {ESMoL},
	Organization = {IEEE Computer Society},
	Pages = {3--10},
	Title = {An Experimental Model-Based Rapid Prototyping Environment for High-Confidence Embedded Software},
	Volume = {0},
	Year = {2009}}

@conference{ccmstn_03,
	Author = {P. Caspi and A. Curic and A. Maignan and C. Sofronis and S. Tripakis and P. Niebert},
	Booktitle = {Proceedings of the 2003 ACM SIGPLAN conference on Language, compiler, and tool for embedded systems},
	Date-Added = {2010-02-08 09:52:08 -0600},
	Date-Modified = {2010-02-12 10:30:59 -0600},
	Keywords = {TTA},
	Organization = {ACM New York, NY, USA},
	Pages = {153--162},
	Title = {From Simulink to SCADE/Lustre to TTA: a Layered Approach for Distributed Embedded Applications},
	Year = {2003}}

@techreport{kp_08,
	Author = {N. Kottenstette and J. Porter},
	Date-Added = {2010-02-08 09:49:50 -0600},
	Date-Modified = {2010-02-08 09:51:02 -0600},
	Institution = {Vanderbilt University},
	Keywords = {Passivity},
	Title = {Digital Passive Attitutde and Altitude Control Schemes for Quadrotor Aircraft},
	Year = {2008}}

@article{sknnptv_07,
	Author = {J. Sztipanovits and G. Karsai and S. Neema and H. Nine and J. Porter and R. Thibodeaux and P. Volgyesi},
	Date-Added = {2010-02-08 09:27:34 -0600},
	Date-Modified = {2010-02-08 09:29:11 -0600},
	Keywords = {ESMoL},
	Title = {Towards a Model-based Toolchain for the High-Confidence Design of Embedded Systems},
	Year = {2007}}

@conference{pkvnhhts_08,
	Author = {J. Porter and G. Karsai and P. Volgyesi and H. Nine and P. Humke and G. Hemingway and R. Thibodeaux and J. Sztipanovits},
	Booktitle = {Workshops and Symposia at MoDELS 2008},
	Date-Added = {2010-02-08 09:25:31 -0600},
	Date-Modified = {2010-02-15 11:04:09 -0600},
	Keywords = {ESMoL},
	Pages = {20--34},
	Series = {LNCS},
	Title = {Towards Model-based Integration of Tools and Techniques for Embedded Control System Design, Verification, and Implementation},
	Volume = {5421},
	Year = {2008}}

@mastersthesis{thibodeaux_08,
	Author = {R. Thibodeaux},
	Date-Added = {2010-02-08 09:21:12 -0600},
	Date-Modified = {2010-02-08 09:21:59 -0600},
	Keywords = {ESMoL},
	School = {Vanderbilt University},
	Title = {The Specification and Implementation of a Model of Computation},
	Year = {2008}}

@webpage{Simulink,
	Author = {Mathworks},
	Date-Added = {2010-02-08 09:20:10 -0600},
	Date-Modified = {2010-03-24 09:26:55 -0500},
	Journal = {The Mathworks, Inc.},
	Keywords = {Simulation},
	Title = {Simulink/Stateflow Tools.},
	Url = {http://www.mathworks.com},
	Bdsk-Url-1 = {http://www.mathworks.com}}

@book{liu_00,
	Author = {J. Liu},
	Date-Added = {2010-02-03 08:11:30 -0600},
	Date-Modified = {2010-02-03 08:12:18 -0600},
	Keywords = {Real-Time},
	Publisher = {Prentice Hall},
	Title = {Real-Time Systems},
	Year = {2000}}

@article{lva_04,
	Author = {J. de Lara and H. Vangheluwe and M. Al},
	Date-Added = {2010-02-02 15:07:04 -0600},
	Date-Modified = {2010-02-09 08:51:39 -0600},
	Keywords = {Modeling},
	Title = {Meta-modelling and graph grammars for multi-paradigm modelling in AToM3},
	Year = {2004},
	Bdsk-File-1 = {YnBsaXN0MDDUAQIDBAUIJidUJHRvcFgkb2JqZWN0c1gkdmVyc2lvblkkYXJjaGl2ZXLRBgdUcm9vdIABqAkKFRYXGyIjVSRudWxs0wsMDQ4RFFpOUy5vYmplY3RzV05TLmtleXNWJGNsYXNzog8QgASABqISE4ACgAOAB1lhbGlhc0RhdGFccmVsYXRpdmVQYXRo0hgNGRpXTlMuZGF0YU8RAcIAAAAAAcIAAgAADE1hY2ludG9zaCBIRAAAAAAAAAAAAAAAAAAAAMT59JlIKwAAAINcxApsdmFfMDQucGRmAAAAAAAAAAAAAAAAAAAAAAAAAAAAAAAAAAAAAAAAAAAAAAAAAAAAAAAAAAAAAAAAAAAAAAAAg1zzxihnxAAAAAAAAAAAAAEAAwAACSAAAAAAAAAAAAAAAAAAAAAKQmFja2dyb3VuZAAQAAgAAMT6OukAAAARAAgAAMYorhQAAAABABgAg1zEAINcvwAOh6QACkqvAApKmAAAe9gAAgBTTWFjaW50b3NoIEhEOlVzZXJzOmdoZW1pbmd3YXk6RG9jdW1lbnRzOlJlc2VhcmNoOkRpc3NlcnRhdGlvbjpCYWNrZ3JvdW5kOmx2YV8wNC5wZGYAAA4AFgAKAGwAdgBhAF8AMAA0AC4AcABkAGYADwAaAAwATQBhAGMAaQBuAHQAbwBzAGgAIABIAEQAEgBGVXNlcnMvZ2hlbWluZ3dheS9Eb2N1bWVudHMvUmVzZWFyY2gvRGlzc2VydGF0aW9uL0JhY2tncm91bmQvbHZhXzA0LnBkZgATAAEvAAAVAAIAEf//AACABdIcHR4fWCRjbGFzc2VzWiRjbGFzc25hbWWjHyAhXU5TTXV0YWJsZURhdGFWTlNEYXRhWE5TT2JqZWN0XxAVQmFja2dyb3VuZC9sdmFfMDQucGRm0hwdJCWiJSFcTlNEaWN0aW9uYXJ5EgABhqBfEA9OU0tleWVkQXJjaGl2ZXIACAARABYAHwAoADIANQA6ADwARQBLAFIAXQBlAGwAbwBxAHMAdgB4AHoAfACGAJMAmACgAmYCaAJtAnYCgQKFApMCmgKjArsCwALDAtAC1QAAAAAAAAIBAAAAAAAAACgAAAAAAAAAAAAAAAAAAALn}}

@article{lv_02,
	Author = {J. de Lara and H. Vangheluwe},
	Date-Added = {2010-02-02 15:06:17 -0600},
	Date-Modified = {2010-02-02 15:06:59 -0600},
	Keywords = {Simulation},
	Title = {Computer Aided Multi-paradigm Modeling to Process Petri-Nets and Statecharts},
	Year = {2002},
	Bdsk-File-1 = {YnBsaXN0MDDUAQIDBAUIJidUJHRvcFgkb2JqZWN0c1gkdmVyc2lvblkkYXJjaGl2ZXLRBgdUcm9vdIABqAkKFRYXGyIjVSRudWxs0wsMDQ4RFFpOUy5vYmplY3RzV05TLmtleXNWJGNsYXNzog8QgASABqISE4ACgAOAB1lhbGlhc0RhdGFccmVsYXRpdmVQYXRo0hgNGRpXTlMuZGF0YU8RAb4AAAAAAb4AAgAADE1hY2ludG9zaCBIRAAAAAAAAAAAAAAAAAAAAMT59JlIKwAAAINcxAlsdl8wMi5wZGYAAAAAAAAAAAAAAAAAAAAAAAAAAAAAAAAAAAAAAAAAAAAAAAAAAAAAAAAAAAAAAAAAAAAAAAAAg1zyxihn7QAAAAAAAAAAAAEAAwAACSAAAAAAAAAAAAAAAAAAAAAKQmFja2dyb3VuZAAQAAgAAMT6OukAAAARAAgAAMYorj0AAAABABgAg1zEAINcvwAOh6QACkqvAApKmAAAe9gAAgBSTWFjaW50b3NoIEhEOlVzZXJzOmdoZW1pbmd3YXk6RG9jdW1lbnRzOlJlc2VhcmNoOkRpc3NlcnRhdGlvbjpCYWNrZ3JvdW5kOmx2XzAyLnBkZgAOABQACQBsAHYAXwAwADIALgBwAGQAZgAPABoADABNAGEAYwBpAG4AdABvAHMAaAAgAEgARAASAEVVc2Vycy9naGVtaW5nd2F5L0RvY3VtZW50cy9SZXNlYXJjaC9EaXNzZXJ0YXRpb24vQmFja2dyb3VuZC9sdl8wMi5wZGYAABMAAS8AABUAAgAR//8AAIAF0hwdHh9YJGNsYXNzZXNaJGNsYXNzbmFtZaMfICFdTlNNdXRhYmxlRGF0YVZOU0RhdGFYTlNPYmplY3RfEBRCYWNrZ3JvdW5kL2x2XzAyLnBkZtIcHSQloiUhXE5TRGljdGlvbmFyeRIAAYagXxAPTlNLZXllZEFyY2hpdmVyAAgAEQAWAB8AKAAyADUAOgA8AEUASwBSAF0AZQBsAG8AcQBzAHYAeAB6AHwAhgCTAJgAoAJiAmQCaQJyAn0CgQKPApYCnwK2ArsCvgLLAtAAAAAAAAACAQAAAAAAAAAoAAAAAAAAAAAAAAAAAAAC4g==}}

@article{lp_03,
	Author = {V. Liang and C. Paredis},
	Date-Added = {2010-02-02 15:05:26 -0600},
	Date-Modified = {2010-02-02 15:06:12 -0600},
	Keywords = {Simulation},
	Title = {A Port Ontology for Automated Model Composition},
	Year = {2003},
	Bdsk-File-1 = {YnBsaXN0MDDUAQIDBAUIJidUJHRvcFgkb2JqZWN0c1gkdmVyc2lvblkkYXJjaGl2ZXLRBgdUcm9vdIABqAkKFRYXGyIjVSRudWxs0wsMDQ4RFFpOUy5vYmplY3RzV05TLmtleXNWJGNsYXNzog8QgASABqISE4ACgAOAB1lhbGlhc0RhdGFccmVsYXRpdmVQYXRo0hgNGRpXTlMuZGF0YU8RAb4AAAAAAb4AAgAADE1hY2ludG9zaCBIRAAAAAAAAAAAAAAAAAAAAMT59JlIKwAAAINcxAlscF8wMy5wZGYAAAAAAAAAAAAAAAAAAAAAAAAAAAAAAAAAAAAAAAAAAAAAAAAAAAAAAAAAAAAAAAAAAAAAAAAAg1zxxihohAAAAAAAAAAAAAEAAwAACSAAAAAAAAAAAAAAAAAAAAAKQmFja2dyb3VuZAAQAAgAAMT6OukAAAARAAgAAMYortQAAAABABgAg1zEAINcvwAOh6QACkqvAApKmAAAe9gAAgBSTWFjaW50b3NoIEhEOlVzZXJzOmdoZW1pbmd3YXk6RG9jdW1lbnRzOlJlc2VhcmNoOkRpc3NlcnRhdGlvbjpCYWNrZ3JvdW5kOmxwXzAzLnBkZgAOABQACQBsAHAAXwAwADMALgBwAGQAZgAPABoADABNAGEAYwBpAG4AdABvAHMAaAAgAEgARAASAEVVc2Vycy9naGVtaW5nd2F5L0RvY3VtZW50cy9SZXNlYXJjaC9EaXNzZXJ0YXRpb24vQmFja2dyb3VuZC9scF8wMy5wZGYAABMAAS8AABUAAgAR//8AAIAF0hwdHh9YJGNsYXNzZXNaJGNsYXNzbmFtZaMfICFdTlNNdXRhYmxlRGF0YVZOU0RhdGFYTlNPYmplY3RfEBRCYWNrZ3JvdW5kL2xwXzAzLnBkZtIcHSQloiUhXE5TRGljdGlvbmFyeRIAAYagXxAPTlNLZXllZEFyY2hpdmVyAAgAEQAWAB8AKAAyADUAOgA8AEUASwBSAF0AZQBsAG8AcQBzAHYAeAB6AHwAhgCTAJgAoAJiAmQCaQJyAn0CgQKPApYCnwK2ArsCvgLLAtAAAAAAAAACAQAAAAAAAAAoAAAAAAAAAAAAAAAAAAAC4g==}}

@inproceedings{lmllstl_09,
	Author = {M. Leung and T. Mandl and E. Lee and E. Latronico and C. Shelton and S. Tripakis and B. Lickly},
	Date-Added = {2010-02-02 15:04:02 -0600},
	Date-Modified = {2010-02-02 15:05:13 -0600},
	Keywords = {Type Graph},
	Month = {August},
	Title = {Scalable Semantic Annotation using Lattice-based Ontologies},
	Year = {2009},
	Bdsk-File-1 = {YnBsaXN0MDDUAQIDBAUIJidUJHRvcFgkb2JqZWN0c1gkdmVyc2lvblkkYXJjaGl2ZXLRBgdUcm9vdIABqAkKFRYXGyIjVSRudWxs0wsMDQ4RFFpOUy5vYmplY3RzV05TLmtleXNWJGNsYXNzog8QgASABqISE4ACgAOAB1lhbGlhc0RhdGFccmVsYXRpdmVQYXRo0hgNGRpXTlMuZGF0YU8RAdIAAAAAAdIAAgAADE1hY2ludG9zaCBIRAAAAAAAAAAAAAAAAAAAAMT59JlIKwAAAINcxA5sbWxsc3RsXzA5LnBkZgAAAAAAAAAAAAAAAAAAAAAAAAAAAAAAAAAAAAAAAAAAAAAAAAAAAAAAAAAAAAAAAAAAdZ2wxvhVswAAAAAAAAAAAAEAAwAACSAAAAAAAAAAAAAAAAAAAAAKQmFja2dyb3VuZAAQAAgAAMT6OukAAAARAAgAAMb4nAMAAAABABgAg1zEAINcvwAOh6QACkqvAApKmAAAe9gAAgBXTWFjaW50b3NoIEhEOlVzZXJzOmdoZW1pbmd3YXk6RG9jdW1lbnRzOlJlc2VhcmNoOkRpc3NlcnRhdGlvbjpCYWNrZ3JvdW5kOmxtbGxzdGxfMDkucGRmAAAOAB4ADgBsAG0AbABsAHMAdABsAF8AMAA5AC4AcABkAGYADwAaAAwATQBhAGMAaQBuAHQAbwBzAGgAIABIAEQAEgBKVXNlcnMvZ2hlbWluZ3dheS9Eb2N1bWVudHMvUmVzZWFyY2gvRGlzc2VydGF0aW9uL0JhY2tncm91bmQvbG1sbHN0bF8wOS5wZGYAEwABLwAAFQACABH//wAAgAXSHB0eH1gkY2xhc3Nlc1okY2xhc3NuYW1lox8gIV1OU011dGFibGVEYXRhVk5TRGF0YVhOU09iamVjdF8QGUJhY2tncm91bmQvbG1sbHN0bF8wOS5wZGbSHB0kJaIlIVxOU0RpY3Rpb25hcnkSAAGGoF8QD05TS2V5ZWRBcmNoaXZlcgAIABEAFgAfACgAMgA1ADoAPABFAEsAUgBdAGUAbABvAHEAcwB2AHgAegB8AIYAkwCYAKACdgJ4An0ChgKRApUCowKqArMCzwLUAtcC5ALpAAAAAAAAAgEAAAAAAAAAKAAAAAAAAAAAAAAAAAAAAvs=}}

@article{lm_08,
	Author = {B. Lofstrand and B. Moller},
	Date-Added = {2010-02-02 15:03:08 -0600},
	Date-Modified = {2010-02-02 15:03:57 -0600},
	Keywords = {Simulation, HLA},
	Title = {Using Google Earth for Scenario Development and HLA Federation Test & Integration},
	Year = {2008},
	Bdsk-File-1 = {YnBsaXN0MDDUAQIDBAUIJidUJHRvcFgkb2JqZWN0c1gkdmVyc2lvblkkYXJjaGl2ZXLRBgdUcm9vdIABqAkKFRYXGyIjVSRudWxs0wsMDQ4RFFpOUy5vYmplY3RzV05TLmtleXNWJGNsYXNzog8QgASABqISE4ACgAOAB1lhbGlhc0RhdGFccmVsYXRpdmVQYXRo0hgNGRpXTlMuZGF0YU8RAb4AAAAAAb4AAgAADE1hY2ludG9zaCBIRAAAAAAAAAAAAAAAAAAAAMT59JlIKwAAAINcxAlsbV8wOC5wZGYAAAAAAAAAAAAAAAAAAAAAAAAAAAAAAAAAAAAAAAAAAAAAAAAAAAAAAAAAAAAAAAAAAAAAAAAAg1zwxidRmwAAAAAAAAAAAAEAAwAACSAAAAAAAAAAAAAAAAAAAAAKQmFja2dyb3VuZAAQAAgAAMT6OukAAAARAAgAAMYnl+sAAAABABgAg1zEAINcvwAOh6QACkqvAApKmAAAe9gAAgBSTWFjaW50b3NoIEhEOlVzZXJzOmdoZW1pbmd3YXk6RG9jdW1lbnRzOlJlc2VhcmNoOkRpc3NlcnRhdGlvbjpCYWNrZ3JvdW5kOmxtXzA4LnBkZgAOABQACQBsAG0AXwAwADgALgBwAGQAZgAPABoADABNAGEAYwBpAG4AdABvAHMAaAAgAEgARAASAEVVc2Vycy9naGVtaW5nd2F5L0RvY3VtZW50cy9SZXNlYXJjaC9EaXNzZXJ0YXRpb24vQmFja2dyb3VuZC9sbV8wOC5wZGYAABMAAS8AABUAAgAR//8AAIAF0hwdHh9YJGNsYXNzZXNaJGNsYXNzbmFtZaMfICFdTlNNdXRhYmxlRGF0YVZOU0RhdGFYTlNPYmplY3RfEBRCYWNrZ3JvdW5kL2xtXzA4LnBkZtIcHSQloiUhXE5TRGljdGlvbmFyeRIAAYagXxAPTlNLZXllZEFyY2hpdmVyAAgAEQAWAB8AKAAyADUAOgA8AEUASwBSAF0AZQBsAG8AcQBzAHYAeAB6AHwAhgCTAJgAoAJiAmQCaQJyAn0CgQKPApYCnwK2ArsCvgLLAtAAAAAAAAACAQAAAAAAAAAoAAAAAAAAAAAAAAAAAAAC4g==}}

@article{ll_88,
	Author = {J. Lundenlius and N. Lynch},
	Date-Added = {2010-02-02 15:02:22 -0600},
	Date-Modified = {2010-02-02 15:03:02 -0600},
	Keywords = {Time Synchronization},
	Title = {A New Fault-Tolerant Algorithm for Clock Synchronization},
	Year = {1988},
	Bdsk-File-1 = {YnBsaXN0MDDUAQIDBAUIJidUJHRvcFgkb2JqZWN0c1gkdmVyc2lvblkkYXJjaGl2ZXLRBgdUcm9vdIABqAkKFRYXGyIjVSRudWxs0wsMDQ4RFFpOUy5vYmplY3RzV05TLmtleXNWJGNsYXNzog8QgASABqISE4ACgAOAB1lhbGlhc0RhdGFccmVsYXRpdmVQYXRo0hgNGRpXTlMuZGF0YU8RAb4AAAAAAb4AAgAADE1hY2ludG9zaCBIRAAAAAAAAAAAAAAAAAAAAMT59JlIKwAAAINcxAlsbF84OC5wZGYAAAAAAAAAAAAAAAAAAAAAAAAAAAAAAAAAAAAAAAAAAAAAAAAAAAAAAAAAAAAAAAAAAAAAAAAAgvYOx4SJqgAAAAAAAAAAAAEAAwAACSAAAAAAAAAAAAAAAAAAAAAKQmFja2dyb3VuZAAQAAgAAMT6OukAAAARAAgAAMeE3goAAAABABgAg1zEAINcvwAOh6QACkqvAApKmAAAe9gAAgBSTWFjaW50b3NoIEhEOlVzZXJzOmdoZW1pbmd3YXk6RG9jdW1lbnRzOlJlc2VhcmNoOkRpc3NlcnRhdGlvbjpCYWNrZ3JvdW5kOmxsXzg4LnBkZgAOABQACQBsAGwAXwA4ADgALgBwAGQAZgAPABoADABNAGEAYwBpAG4AdABvAHMAaAAgAEgARAASAEVVc2Vycy9naGVtaW5nd2F5L0RvY3VtZW50cy9SZXNlYXJjaC9EaXNzZXJ0YXRpb24vQmFja2dyb3VuZC9sbF84OC5wZGYAABMAAS8AABUAAgAR//8AAIAF0hwdHh9YJGNsYXNzZXNaJGNsYXNzbmFtZaMfICFdTlNNdXRhYmxlRGF0YVZOU0RhdGFYTlNPYmplY3RfEBRCYWNrZ3JvdW5kL2xsXzg4LnBkZtIcHSQloiUhXE5TRGljdGlvbmFyeRIAAYagXxAPTlNLZXllZEFyY2hpdmVyAAgAEQAWAB8AKAAyADUAOgA8AEUASwBSAF0AZQBsAG8AcQBzAHYAeAB6AHwAhgCTAJgAoAJiAmQCaQJyAn0CgQKPApYCnwK2ArsCvgLLAtAAAAAAAAACAQAAAAAAAAAoAAAAAAAAAAAAAAAAAAAC4g==}}

@manual{l4-x2-r6,
	Date-Added = {2010-02-02 15:00:52 -0600},
	Date-Modified = {2010-02-02 15:01:55 -0600},
	Keywords = {L4},
	Month = {November},
	Organization = {System Architecture Group Dept. of Computer Science Universitat Karlsruhe},
	Title = {L4 eXperimental Kernel Reference Manual},
	Year = {2006},
	Bdsk-File-1 = {YnBsaXN0MDDUAQIDBAUIJidUJHRvcFgkb2JqZWN0c1gkdmVyc2lvblkkYXJjaGl2ZXLRBgdUcm9vdIABqAkKFRYXGyIjVSRudWxs0wsMDQ4RFFpOUy5vYmplY3RzV05TLmtleXNWJGNsYXNzog8QgASABqISE4ACgAOAB1lhbGlhc0RhdGFccmVsYXRpdmVQYXRo0hgNGRpXTlMuZGF0YU8RAcoAAAAAAcoAAgAADE1hY2ludG9zaCBIRAAAAAAAAAAAAAAAAAAAAMT59JlIKwAAAINcxAxsNC14Mi1yNi5wZGYAAAAAAAAAAAAAAAAAAAAAAAAAAAAAAAAAAAAAAAAAAAAAAAAAAAAAAAAAAAAAAAAAAAAAfWF5x0bHPQAAAAAAAAAAAAEAAwAACSAAAAAAAAAAAAAAAAAAAAAKQmFja2dyb3VuZAAQAAgAAMT6OukAAAARAAgAAMdHG50AAAABABgAg1zEAINcvwAOh6QACkqvAApKmAAAe9gAAgBVTWFjaW50b3NoIEhEOlVzZXJzOmdoZW1pbmd3YXk6RG9jdW1lbnRzOlJlc2VhcmNoOkRpc3NlcnRhdGlvbjpCYWNrZ3JvdW5kOmw0LXgyLXI2LnBkZgAADgAaAAwAbAA0AC0AeAAyAC0AcgA2AC4AcABkAGYADwAaAAwATQBhAGMAaQBuAHQAbwBzAGgAIABIAEQAEgBIVXNlcnMvZ2hlbWluZ3dheS9Eb2N1bWVudHMvUmVzZWFyY2gvRGlzc2VydGF0aW9uL0JhY2tncm91bmQvbDQteDItcjYucGRmABMAAS8AABUAAgAR//8AAIAF0hwdHh9YJGNsYXNzZXNaJGNsYXNzbmFtZaMfICFdTlNNdXRhYmxlRGF0YVZOU0RhdGFYTlNPYmplY3RfEBdCYWNrZ3JvdW5kL2w0LXgyLXI2LnBkZtIcHSQloiUhXE5TRGljdGlvbmFyeRIAAYagXxAPTlNLZXllZEFyY2hpdmVyAAgAEQAWAB8AKAAyADUAOgA8AEUASwBSAF0AZQBsAG8AcQBzAHYAeAB6AHwAhgCTAJgAoAJuAnACdQJ+AokCjQKbAqICqwLFAsoCzQLaAt8AAAAAAAACAQAAAAAAAAAoAAAAAAAAAAAAAAAAAAAC8Q==}}

@proceedings{kslb_03,
	Author = {G. Karsai and J. Sztipanovits and A. Ledeczi and T. Bapty},
	Date-Added = {2010-02-02 14:59:13 -0600},
	Date-Modified = {2010-02-08 09:53:51 -0600},
	Keywords = {GME},
	Month = {January},
	Organization = {IEEE},
	Title = {Model-Integrated Development of Embedded Software},
	Volume = {91},
	Year = {2003},
	Bdsk-File-1 = {YnBsaXN0MDDUAQIDBAUIJidUJHRvcFgkb2JqZWN0c1gkdmVyc2lvblkkYXJjaGl2ZXLRBgdUcm9vdIABqAkKFRYXGyIjVSRudWxs0wsMDQ4RFFpOUy5vYmplY3RzV05TLmtleXNWJGNsYXNzog8QgASABqISE4ACgAOAB1lhbGlhc0RhdGFccmVsYXRpdmVQYXRo0hgNGRpXTlMuZGF0YU8RAcYAAAAAAcYAAgAADE1hY2ludG9zaCBIRAAAAAAAAAAAAAAAAAAAAMT59JlIKwAAAINcxAtrc2xiXzAzLnBkZgAAAAAAAAAAAAAAAAAAAAAAAAAAAAAAAAAAAAAAAAAAAAAAAAAAAAAAAAAAAAAAAAAAAAAAg81Gx43iVgAAAAAAAAAAAAEAAwAACSAAAAAAAAAAAAAAAAAAAAAKQmFja2dyb3VuZAAQAAgAAMT6OukAAAARAAgAAMeONrYAAAABABgAg1zEAINcvwAOh6QACkqvAApKmAAAe9gAAgBUTWFjaW50b3NoIEhEOlVzZXJzOmdoZW1pbmd3YXk6RG9jdW1lbnRzOlJlc2VhcmNoOkRpc3NlcnRhdGlvbjpCYWNrZ3JvdW5kOmtzbGJfMDMucGRmAA4AGAALAGsAcwBsAGIAXwAwADMALgBwAGQAZgAPABoADABNAGEAYwBpAG4AdABvAHMAaAAgAEgARAASAEdVc2Vycy9naGVtaW5nd2F5L0RvY3VtZW50cy9SZXNlYXJjaC9EaXNzZXJ0YXRpb24vQmFja2dyb3VuZC9rc2xiXzAzLnBkZgAAEwABLwAAFQACABH//wAAgAXSHB0eH1gkY2xhc3Nlc1okY2xhc3NuYW1lox8gIV1OU011dGFibGVEYXRhVk5TRGF0YVhOU09iamVjdF8QFkJhY2tncm91bmQva3NsYl8wMy5wZGbSHB0kJaIlIVxOU0RpY3Rpb25hcnkSAAGGoF8QD05TS2V5ZWRBcmNoaXZlcgAIABEAFgAfACgAMgA1ADoAPABFAEsAUgBdAGUAbABvAHEAcwB2AHgAegB8AIYAkwCYAKACagJsAnECegKFAokClwKeAqcCwALFAsgC1QLaAAAAAAAAAgEAAAAAAAAAKAAAAAAAAAAAAAAAAAAAAuw=}}

@article{kim_98,
	Author = {Y. Kim and T. Kim},
	Date-Added = {2010-02-02 14:57:57 -0600},
	Date-Modified = {2010-02-02 14:58:54 -0600},
	Keywords = {HLA, Simulation},
	Title = {A Heterogeneous Simulation Framework Based on the DEVS Bus and the High Level Architecture},
	Year = {1998},
	Bdsk-File-1 = {YnBsaXN0MDDUAQIDBAUIJidUJHRvcFgkb2JqZWN0c1gkdmVyc2lvblkkYXJjaGl2ZXLRBgdUcm9vdIABqAkKFRYXGyIjVSRudWxs0wsMDQ4RFFpOUy5vYmplY3RzV05TLmtleXNWJGNsYXNzog8QgASABqISE4ACgAOAB1lhbGlhc0RhdGFccmVsYXRpdmVQYXRo0hgNGRpXTlMuZGF0YU8RAcIAAAAAAcIAAgAADE1hY2ludG9zaCBIRAAAAAAAAAAAAAAAAAAAAMT59JlIKwAAAINcxApraW1fOTgucGRmAAAAAAAAAAAAAAAAAAAAAAAAAAAAAAAAAAAAAAAAAAAAAAAAAAAAAAAAAAAAAAAAAAAAAAAAg1zgxiRoMwAAAAAAAAAAAAEAAwAACSAAAAAAAAAAAAAAAAAAAAAKQmFja2dyb3VuZAAQAAgAAMT6OukAAAARAAgAAMYkroMAAAABABgAg1zEAINcvwAOh6QACkqvAApKmAAAe9gAAgBTTWFjaW50b3NoIEhEOlVzZXJzOmdoZW1pbmd3YXk6RG9jdW1lbnRzOlJlc2VhcmNoOkRpc3NlcnRhdGlvbjpCYWNrZ3JvdW5kOmtpbV85OC5wZGYAAA4AFgAKAGsAaQBtAF8AOQA4AC4AcABkAGYADwAaAAwATQBhAGMAaQBuAHQAbwBzAGgAIABIAEQAEgBGVXNlcnMvZ2hlbWluZ3dheS9Eb2N1bWVudHMvUmVzZWFyY2gvRGlzc2VydGF0aW9uL0JhY2tncm91bmQva2ltXzk4LnBkZgATAAEvAAAVAAIAEf//AACABdIcHR4fWCRjbGFzc2VzWiRjbGFzc25hbWWjHyAhXU5TTXV0YWJsZURhdGFWTlNEYXRhWE5TT2JqZWN0XxAVQmFja2dyb3VuZC9raW1fOTgucGRm0hwdJCWiJSFcTlNEaWN0aW9uYXJ5EgABhqBfEA9OU0tleWVkQXJjaGl2ZXIACAARABYAHwAoADIANQA6ADwARQBLAFIAXQBlAGwAbwBxAHMAdgB4AHoAfACGAJMAmACgAmYCaAJtAnYCgQKFApMCmgKjArsCwALDAtAC1QAAAAAAAAIBAAAAAAAAACgAAAAAAAAAAAAAAAAAAALn}}

@article{kim_03,
	Author = {Y. Kim and J. Kim and T. Kim},
	Date-Added = {2010-02-02 14:57:06 -0600},
	Date-Modified = {2010-02-02 14:57:52 -0600},
	Journal = {Simulation},
	Keywords = {Simulation},
	Title = {Heterogeneous Simulation Framework Using DEVS Bus},
	Year = {2003},
	Bdsk-File-1 = {YnBsaXN0MDDUAQIDBAUIJidUJHRvcFgkb2JqZWN0c1gkdmVyc2lvblkkYXJjaGl2ZXLRBgdUcm9vdIABqAkKFRYXGyIjVSRudWxs0wsMDQ4RFFpOUy5vYmplY3RzV05TLmtleXNWJGNsYXNzog8QgASABqISE4ACgAOAB1lhbGlhc0RhdGFccmVsYXRpdmVQYXRo0hgNGRpXTlMuZGF0YU8RAcIAAAAAAcIAAgAADE1hY2ludG9zaCBIRAAAAAAAAAAAAAAAAAAAAMT59JlIKwAAAINcxApraW1fMDMucGRmAAAAAAAAAAAAAAAAAAAAAAAAAAAAAAAAAAAAAAAAAAAAAAAAAAAAAAAAAAAAAAAAAAAAAAAAg1zvxiR74gAAAAAAAAAAAAEAAwAACSAAAAAAAAAAAAAAAAAAAAAKQmFja2dyb3VuZAAQAAgAAMT6OukAAAARAAgAAMYkwjIAAAABABgAg1zEAINcvwAOh6QACkqvAApKmAAAe9gAAgBTTWFjaW50b3NoIEhEOlVzZXJzOmdoZW1pbmd3YXk6RG9jdW1lbnRzOlJlc2VhcmNoOkRpc3NlcnRhdGlvbjpCYWNrZ3JvdW5kOmtpbV8wMy5wZGYAAA4AFgAKAGsAaQBtAF8AMAAzAC4AcABkAGYADwAaAAwATQBhAGMAaQBuAHQAbwBzAGgAIABIAEQAEgBGVXNlcnMvZ2hlbWluZ3dheS9Eb2N1bWVudHMvUmVzZWFyY2gvRGlzc2VydGF0aW9uL0JhY2tncm91bmQva2ltXzAzLnBkZgATAAEvAAAVAAIAEf//AACABdIcHR4fWCRjbGFzc2VzWiRjbGFzc25hbWWjHyAhXU5TTXV0YWJsZURhdGFWTlNEYXRhWE5TT2JqZWN0XxAVQmFja2dyb3VuZC9raW1fMDMucGRm0hwdJCWiJSFcTlNEaWN0aW9uYXJ5EgABhqBfEA9OU0tleWVkQXJjaGl2ZXIACAARABYAHwAoADIANQA6ADwARQBLAFIAXQBlAGwAbwBxAHMAdgB4AHoAfACGAJMAmACgAmYCaAJtAnYCgQKFApMCmgKjArsCwALDAtAC1QAAAAAAAAIBAAAAAAAAACgAAAAAAAAAAAAAAAAAAALn}}

@article{kg_93,
	Author = {H. Kopetz and G. Gr\"{u}nsteidl},
	Date-Added = {2010-02-02 14:56:14 -0600},
	Date-Modified = {2010-02-08 10:01:30 -0600},
	Journal = {Computer},
	Keywords = {TTA},
	Number = {1},
	Pages = {14--23},
	Title = {TTP - A Time-Triggered Protocol for Fault-Tolerant Real-Time Systems},
	Volume = {27},
	Year = {1993},
	Bdsk-File-1 = {YnBsaXN0MDDUAQIDBAUIJidUJHRvcFgkb2JqZWN0c1gkdmVyc2lvblkkYXJjaGl2ZXLRBgdUcm9vdIABqAkKFRYXGyIjVSRudWxs0wsMDQ4RFFpOUy5vYmplY3RzV05TLmtleXNWJGNsYXNzog8QgASABqISE4ACgAOAB1lhbGlhc0RhdGFccmVsYXRpdmVQYXRo0hgNGRpXTlMuZGF0YU8RAb4AAAAAAb4AAgAADE1hY2ludG9zaCBIRAAAAAAAAAAAAAAAAAAAAMT59JlIKwAAAINcxAlrZ185My5wZGYAAAAAAAAAAAAAAAAAAAAAAAAAAAAAAAAAAAAAAAAAAAAAAAAAAAAAAAAAAAAAAAAAAAAAAAAAgy8dx4dA4wAAAAAAAAAAAAEAAwAACSAAAAAAAAAAAAAAAAAAAAAKQmFja2dyb3VuZAAQAAgAAMT6OukAAAARAAgAAMeHlUMAAAABABgAg1zEAINcvwAOh6QACkqvAApKmAAAe9gAAgBSTWFjaW50b3NoIEhEOlVzZXJzOmdoZW1pbmd3YXk6RG9jdW1lbnRzOlJlc2VhcmNoOkRpc3NlcnRhdGlvbjpCYWNrZ3JvdW5kOmtnXzkzLnBkZgAOABQACQBrAGcAXwA5ADMALgBwAGQAZgAPABoADABNAGEAYwBpAG4AdABvAHMAaAAgAEgARAASAEVVc2Vycy9naGVtaW5nd2F5L0RvY3VtZW50cy9SZXNlYXJjaC9EaXNzZXJ0YXRpb24vQmFja2dyb3VuZC9rZ185My5wZGYAABMAAS8AABUAAgAR//8AAIAF0hwdHh9YJGNsYXNzZXNaJGNsYXNzbmFtZaMfICFdTlNNdXRhYmxlRGF0YVZOU0RhdGFYTlNPYmplY3RfEBRCYWNrZ3JvdW5kL2tnXzkzLnBkZtIcHSQloiUhXE5TRGljdGlvbmFyeRIAAYagXxAPTlNLZXllZEFyY2hpdmVyAAgAEQAWAB8AKAAyADUAOgA8AEUASwBSAF0AZQBsAG8AcQBzAHYAeAB6AHwAhgCTAJgAoAJiAmQCaQJyAn0CgQKPApYCnwK2ArsCvgLLAtAAAAAAAAACAQAAAAAAAAAoAAAAAAAAAAAAAAAAAAAC4g==}}

@article{kdkmssz_89,
	Author = {H. Kopetz and A. Damm and C. Koza and M. Mulazzani and W. Schwabl and C. Senft and R. Zainlinger},
	Date-Added = {2010-02-02 14:54:34 -0600},
	Date-Modified = {2010-02-02 14:55:59 -0600},
	Keywords = {TTA},
	Title = {Distributed Fault-Tolerant Real-Time Systems: The Mars Approach},
	Year = {1989},
	Bdsk-File-1 = {YnBsaXN0MDDUAQIDBAUIJidUJHRvcFgkb2JqZWN0c1gkdmVyc2lvblkkYXJjaGl2ZXLRBgdUcm9vdIABqAkKFRYXGyIjVSRudWxs0wsMDQ4RFFpOUy5vYmplY3RzV05TLmtleXNWJGNsYXNzog8QgASABqISE4ACgAOAB1lhbGlhc0RhdGFccmVsYXRpdmVQYXRo0hgNGRpXTlMuZGF0YU8RAdIAAAAAAdIAAgAADE1hY2ludG9zaCBIRAAAAAAAAAAAAAAAAAAAAMT59JlIKwAAAINcxA5rZGttc3N6Xzg5LnBkZgAAAAAAAAAAAAAAAAAAAAAAAAAAAAAAAAAAAAAAAAAAAAAAAAAAAAAAAAAAAAAAAAAAg19vx4xNwAAAAAAAAAAAAAEAAwAACSAAAAAAAAAAAAAAAAAAAAAKQmFja2dyb3VuZAAQAAgAAMT6OukAAAARAAgAAMeMoiAAAAABABgAg1zEAINcvwAOh6QACkqvAApKmAAAe9gAAgBXTWFjaW50b3NoIEhEOlVzZXJzOmdoZW1pbmd3YXk6RG9jdW1lbnRzOlJlc2VhcmNoOkRpc3NlcnRhdGlvbjpCYWNrZ3JvdW5kOmtka21zc3pfODkucGRmAAAOAB4ADgBrAGQAawBtAHMAcwB6AF8AOAA5AC4AcABkAGYADwAaAAwATQBhAGMAaQBuAHQAbwBzAGgAIABIAEQAEgBKVXNlcnMvZ2hlbWluZ3dheS9Eb2N1bWVudHMvUmVzZWFyY2gvRGlzc2VydGF0aW9uL0JhY2tncm91bmQva2RrbXNzel84OS5wZGYAEwABLwAAFQACABH//wAAgAXSHB0eH1gkY2xhc3Nlc1okY2xhc3NuYW1lox8gIV1OU011dGFibGVEYXRhVk5TRGF0YVhOU09iamVjdF8QGUJhY2tncm91bmQva2RrbXNzel84OS5wZGbSHB0kJaIlIVxOU0RpY3Rpb25hcnkSAAGGoF8QD05TS2V5ZWRBcmNoaXZlcgAIABEAFgAfACgAMgA1ADoAPABFAEsAUgBdAGUAbABvAHEAcwB2AHgAegB8AIYAkwCYAKACdgJ4An0ChgKRApUCowKqArMCzwLUAtcC5ALpAAAAAAAAAgEAAAAAAAAAKAAAAAAAAAAAAAAAAAAAAvs=}}

@article{kb_02,
	Author = {H. Kopetz and G. Bauer},
	Date-Added = {2010-02-02 14:53:55 -0600},
	Date-Modified = {2010-02-12 10:34:15 -0600},
	Journal = {Proceedings of the IEEE Special Issue on Modeling and Design of Embedded Software},
	Keywords = {TTA},
	Month = {October},
	Number = {1},
	Pages = {112--126},
	Title = {The Time-Triggered Architecture},
	Volume = {91},
	Year = {2003},
	Bdsk-File-1 = {YnBsaXN0MDDUAQIDBAUIJidUJHRvcFgkb2JqZWN0c1gkdmVyc2lvblkkYXJjaGl2ZXLRBgdUcm9vdIABqAkKFRYXGyIjVSRudWxs0wsMDQ4RFFpOUy5vYmplY3RzV05TLmtleXNWJGNsYXNzog8QgASABqISE4ACgAOAB1lhbGlhc0RhdGFccmVsYXRpdmVQYXRo0hgNGRpXTlMuZGF0YU8RAb4AAAAAAb4AAgAADE1hY2ludG9zaCBIRAAAAAAAAAAAAAAAAAAAAMT59JlIKwAAAINcxAlrYl8wMi5wZGYAAAAAAAAAAAAAAAAAAAAAAAAAAAAAAAAAAAAAAAAAAAAAAAAAAAAAAAAAAAAAAAAAAAAAAAAAdW1FxvYtrQAAAAAAAAAAAAEAAwAACSAAAAAAAAAAAAAAAAAAAAAKQmFja2dyb3VuZAAQAAgAAMT6OukAAAARAAgAAMb2c/0AAAABABgAg1zEAINcvwAOh6QACkqvAApKmAAAe9gAAgBSTWFjaW50b3NoIEhEOlVzZXJzOmdoZW1pbmd3YXk6RG9jdW1lbnRzOlJlc2VhcmNoOkRpc3NlcnRhdGlvbjpCYWNrZ3JvdW5kOmtiXzAyLnBkZgAOABQACQBrAGIAXwAwADIALgBwAGQAZgAPABoADABNAGEAYwBpAG4AdABvAHMAaAAgAEgARAASAEVVc2Vycy9naGVtaW5nd2F5L0RvY3VtZW50cy9SZXNlYXJjaC9EaXNzZXJ0YXRpb24vQmFja2dyb3VuZC9rYl8wMi5wZGYAABMAAS8AABUAAgAR//8AAIAF0hwdHh9YJGNsYXNzZXNaJGNsYXNzbmFtZaMfICFdTlNNdXRhYmxlRGF0YVZOU0RhdGFYTlNPYmplY3RfEBRCYWNrZ3JvdW5kL2tiXzAyLnBkZtIcHSQloiUhXE5TRGljdGlvbmFyeRIAAYagXxAPTlNLZXllZEFyY2hpdmVyAAgAEQAWAB8AKAAyADUAOgA8AEUASwBSAF0AZQBsAG8AcQBzAHYAeAB6AHwAhgCTAJgAoAJiAmQCaQJyAn0CgQKPApYCnwK2ArsCvgLLAtAAAAAAAAACAQAAAAAAAAAoAAAAAAAAAAAAAAAAAAAC4g==}}

@article{kass_03,
	Author = {G. Karsai and A. Agrawal and F. Shi and J. Sprinkle},
	Date-Added = {2010-02-02 14:21:52 -0600},
	Date-Modified = {2010-02-02 14:53:49 -0600},
	Keywords = {GME},
	Title = {On the use of Graph Transformation in the Formal Specification of Model Inter},
	Year = {2003},
	Bdsk-File-1 = {YnBsaXN0MDDUAQIDBAUIJidUJHRvcFgkb2JqZWN0c1gkdmVyc2lvblkkYXJjaGl2ZXLRBgdUcm9vdIABqAkKFRYXGyIjVSRudWxs0wsMDQ4RFFpOUy5vYmplY3RzV05TLmtleXNWJGNsYXNzog8QgASABqISE4ACgAOAB1lhbGlhc0RhdGFccmVsYXRpdmVQYXRo0hgNGRpXTlMuZGF0YU8RAcYAAAAAAcYAAgAADE1hY2ludG9zaCBIRAAAAAAAAAAAAAAAAAAAAMT59JlIKwAAAINcxAtrYXNzXzAzLnBkZgAAAAAAAAAAAAAAAAAAAAAAAAAAAAAAAAAAAAAAAAAAAAAAAAAAAAAAAAAAAAAAAAAAAAAAg819x43iiAAAAAAAAAAAAAEAAwAACSAAAAAAAAAAAAAAAAAAAAAKQmFja2dyb3VuZAAQAAgAAMT6OukAAAARAAgAAMeONugAAAABABgAg1zEAINcvwAOh6QACkqvAApKmAAAe9gAAgBUTWFjaW50b3NoIEhEOlVzZXJzOmdoZW1pbmd3YXk6RG9jdW1lbnRzOlJlc2VhcmNoOkRpc3NlcnRhdGlvbjpCYWNrZ3JvdW5kOmthc3NfMDMucGRmAA4AGAALAGsAYQBzAHMAXwAwADMALgBwAGQAZgAPABoADABNAGEAYwBpAG4AdABvAHMAaAAgAEgARAASAEdVc2Vycy9naGVtaW5nd2F5L0RvY3VtZW50cy9SZXNlYXJjaC9EaXNzZXJ0YXRpb24vQmFja2dyb3VuZC9rYXNzXzAzLnBkZgAAEwABLwAAFQACABH//wAAgAXSHB0eH1gkY2xhc3Nlc1okY2xhc3NuYW1lox8gIV1OU011dGFibGVEYXRhVk5TRGF0YVhOU09iamVjdF8QFkJhY2tncm91bmQva2Fzc18wMy5wZGbSHB0kJaIlIVxOU0RpY3Rpb25hcnkSAAGGoF8QD05TS2V5ZWRBcmNoaXZlcgAIABEAFgAfACgAMgA1ADoAPABFAEsAUgBdAGUAbABvAHEAcwB2AHgAegB8AIYAkwCYAKACagJsAnECegKFAokClwKeAqcCwALFAsgC1QLaAAAAAAAAAgEAAAAAAAAAKAAAAAAAAAAAAAAAAAAAAuw=}}

@article{gtfcc_06,
	Author = {S. Gayen and E. Tyson and M. Franklin and R. Chamberlain and P. Crowley},
	Date-Added = {2010-02-02 14:20:54 -0600},
	Date-Modified = {2010-02-02 14:21:46 -0600},
	Keywords = {HLA},
	Title = {X-Sim: A Federated Heterogeneous Simulation Environment},
	Year = {2006},
	Bdsk-File-1 = {YnBsaXN0MDDUAQIDBAUIJidUJHRvcFgkb2JqZWN0c1gkdmVyc2lvblkkYXJjaGl2ZXLRBgdUcm9vdIABqAkKFRYXGyIjVSRudWxs0wsMDQ4RFFpOUy5vYmplY3RzV05TLmtleXNWJGNsYXNzog8QgASABqISE4ACgAOAB1lhbGlhc0RhdGFccmVsYXRpdmVQYXRo0hgNGRpXTlMuZGF0YU8RAcoAAAAAAcoAAgAADE1hY2ludG9zaCBIRAAAAAAAAAAAAAAAAAAAAMT59JlIKwAAAINcxAxndGZjY18wNi5wZGYAAAAAAAAAAAAAAAAAAAAAAAAAAAAAAAAAAAAAAAAAAAAAAAAAAAAAAAAAAAAAAAAAAAAAg1zfxiclkQAAAAAAAAAAAAEAAwAACSAAAAAAAAAAAAAAAAAAAAAKQmFja2dyb3VuZAAQAAgAAMT6OukAAAARAAgAAMYna+EAAAABABgAg1zEAINcvwAOh6QACkqvAApKmAAAe9gAAgBVTWFjaW50b3NoIEhEOlVzZXJzOmdoZW1pbmd3YXk6RG9jdW1lbnRzOlJlc2VhcmNoOkRpc3NlcnRhdGlvbjpCYWNrZ3JvdW5kOmd0ZmNjXzA2LnBkZgAADgAaAAwAZwB0AGYAYwBjAF8AMAA2AC4AcABkAGYADwAaAAwATQBhAGMAaQBuAHQAbwBzAGgAIABIAEQAEgBIVXNlcnMvZ2hlbWluZ3dheS9Eb2N1bWVudHMvUmVzZWFyY2gvRGlzc2VydGF0aW9uL0JhY2tncm91bmQvZ3RmY2NfMDYucGRmABMAAS8AABUAAgAR//8AAIAF0hwdHh9YJGNsYXNzZXNaJGNsYXNzbmFtZaMfICFdTlNNdXRhYmxlRGF0YVZOU0RhdGFYTlNPYmplY3RfEBdCYWNrZ3JvdW5kL2d0ZmNjXzA2LnBkZtIcHSQloiUhXE5TRGljdGlvbmFyeRIAAYagXxAPTlNLZXllZEFyY2hpdmVyAAgAEQAWAB8AKAAyADUAOgA8AEUASwBSAF0AZQBsAG8AcQBzAHYAeAB6AHwAhgCTAJgAoAJuAnACdQJ+AokCjQKbAqICqwLFAsoCzQLaAt8AAAAAAAACAQAAAAAAAAAoAAAAAAAAAAAAAAAAAAAC8Q==}}

@article{gtfc_07,
	Author = {S. Gayen and E. Tyson and M. Franklin and R. Chamberlain},
	Date-Added = {2010-02-02 14:20:02 -0600},
	Date-Modified = {2010-02-02 14:20:49 -0600},
	Keywords = {HLA},
	Title = {A Federated Simulation Environment for Hybrid Systems},
	Year = {2007},
	Bdsk-File-1 = {YnBsaXN0MDDUAQIDBAUIJidUJHRvcFgkb2JqZWN0c1gkdmVyc2lvblkkYXJjaGl2ZXLRBgdUcm9vdIABqAkKFRYXGyIjVSRudWxs0wsMDQ4RFFpOUy5vYmplY3RzV05TLmtleXNWJGNsYXNzog8QgASABqISE4ACgAOAB1lhbGlhc0RhdGFccmVsYXRpdmVQYXRo0hgNGRpXTlMuZGF0YU8RAcYAAAAAAcYAAgAADE1hY2ludG9zaCBIRAAAAAAAAAAAAAAAAAAAAMT59JlIKwAAAINcxAtndGZjXzA3LnBkZgAAAAAAAAAAAAAAAAAAAAAAAAAAAAAAAAAAAAAAAAAAAAAAAAAAAAAAAAAAAAAAAAAAAAAAg1zuwoSC9wAAAAAAAAAAAAEAAwAACSAAAAAAAAAAAAAAAAAAAAAKQmFja2dyb3VuZAAQAAgAAMT6OukAAAARAAgAAMKEyUcAAAABABgAg1zEAINcvwAOh6QACkqvAApKmAAAe9gAAgBUTWFjaW50b3NoIEhEOlVzZXJzOmdoZW1pbmd3YXk6RG9jdW1lbnRzOlJlc2VhcmNoOkRpc3NlcnRhdGlvbjpCYWNrZ3JvdW5kOmd0ZmNfMDcucGRmAA4AGAALAGcAdABmAGMAXwAwADcALgBwAGQAZgAPABoADABNAGEAYwBpAG4AdABvAHMAaAAgAEgARAASAEdVc2Vycy9naGVtaW5nd2F5L0RvY3VtZW50cy9SZXNlYXJjaC9EaXNzZXJ0YXRpb24vQmFja2dyb3VuZC9ndGZjXzA3LnBkZgAAEwABLwAAFQACABH//wAAgAXSHB0eH1gkY2xhc3Nlc1okY2xhc3NuYW1lox8gIV1OU011dGFibGVEYXRhVk5TRGF0YVhOU09iamVjdF8QFkJhY2tncm91bmQvZ3RmY18wNy5wZGbSHB0kJaIlIVxOU0RpY3Rpb25hcnkSAAGGoF8QD05TS2V5ZWRBcmNoaXZlcgAIABEAFgAfACgAMgA1ADoAPABFAEsAUgBdAGUAbABvAHEAcwB2AHgAegB8AIYAkwCYAKACagJsAnECegKFAokClwKeAqcCwALFAsgC1QLaAAAAAAAAAgEAAAAAAAAAKAAAAAAAAAAAAAAAAAAAAuw=}}

@article{gs_05,
	Author = {G. Gossler and J. Sifakis},
	Date-Added = {2010-02-02 14:19:28 -0600},
	Date-Modified = {2010-02-02 14:19:55 -0600},
	Keywords = {BIP},
	Title = {Composition for Component-Based Modeling},
	Year = {2005},
	Bdsk-File-1 = {YnBsaXN0MDDUAQIDBAUIJidUJHRvcFgkb2JqZWN0c1gkdmVyc2lvblkkYXJjaGl2ZXLRBgdUcm9vdIABqAkKFRYXGyIjVSRudWxs0wsMDQ4RFFpOUy5vYmplY3RzV05TLmtleXNWJGNsYXNzog8QgASABqISE4ACgAOAB1lhbGlhc0RhdGFccmVsYXRpdmVQYXRo0hgNGRpXTlMuZGF0YU8RAb4AAAAAAb4AAgAADE1hY2ludG9zaCBIRAAAAAAAAAAAAAAAAAAAAMT59JlIKwAAAINcxAlnc18wNS5wZGYAAAAAAAAAAAAAAAAAAAAAAAAAAAAAAAAAAAAAAAAAAAAAAAAAAAAAAAAAAAAAAAAAAAAAAAAAg1zexGQeNAAAAAAAAAAAAAEAAwAACSAAAAAAAAAAAAAAAAAAAAAKQmFja2dyb3VuZAAQAAgAAMT6OukAAAARAAgAAMRkZIQAAAABABgAg1zEAINcvwAOh6QACkqvAApKmAAAe9gAAgBSTWFjaW50b3NoIEhEOlVzZXJzOmdoZW1pbmd3YXk6RG9jdW1lbnRzOlJlc2VhcmNoOkRpc3NlcnRhdGlvbjpCYWNrZ3JvdW5kOmdzXzA1LnBkZgAOABQACQBnAHMAXwAwADUALgBwAGQAZgAPABoADABNAGEAYwBpAG4AdABvAHMAaAAgAEgARAASAEVVc2Vycy9naGVtaW5nd2F5L0RvY3VtZW50cy9SZXNlYXJjaC9EaXNzZXJ0YXRpb24vQmFja2dyb3VuZC9nc18wNS5wZGYAABMAAS8AABUAAgAR//8AAIAF0hwdHh9YJGNsYXNzZXNaJGNsYXNzbmFtZaMfICFdTlNNdXRhYmxlRGF0YVZOU0RhdGFYTlNPYmplY3RfEBRCYWNrZ3JvdW5kL2dzXzA1LnBkZtIcHSQloiUhXE5TRGljdGlvbmFyeRIAAYagXxAPTlNLZXllZEFyY2hpdmVyAAgAEQAWAB8AKAAyADUAOgA8AEUASwBSAF0AZQBsAG8AcQBzAHYAeAB6AHwAhgCTAJgAoAJiAmQCaQJyAn0CgQKPApYCnwK2ArsCvgLLAtAAAAAAAAACAQAAAAAAAAAoAAAAAAAAAAAAAAAAAAAC4g==}}

@article{gq_07,
	Author = {S. Graf and S. Quinton},
	Date-Added = {2010-02-02 14:18:18 -0600},
	Date-Modified = {2010-02-02 14:19:02 -0600},
	Keywords = {BIP},
	Title = {Contracts for BIP: Heirarchical Interaction Models for Compositional Verification},
	Year = {2007},
	Bdsk-File-1 = {YnBsaXN0MDDUAQIDBAUIJidUJHRvcFgkb2JqZWN0c1gkdmVyc2lvblkkYXJjaGl2ZXLRBgdUcm9vdIABqAkKFRYXGyIjVSRudWxs0wsMDQ4RFFpOUy5vYmplY3RzV05TLmtleXNWJGNsYXNzog8QgASABqISE4ACgAOAB1lhbGlhc0RhdGFccmVsYXRpdmVQYXRo0hgNGRpXTlMuZGF0YU8RAb4AAAAAAb4AAgAADE1hY2ludG9zaCBIRAAAAAAAAAAAAAAAAAAAAMT59JlIKwAAAINcxAlncV8wNy5wZGYAAAAAAAAAAAAAAAAAAAAAAAAAAAAAAAAAAAAAAAAAAAAAAAAAAAAAAAAAAAAAAAAAAAAAAAAAg1zdxGQeOAAAAAAAAAAAAAEAAwAACSAAAAAAAAAAAAAAAAAAAAAKQmFja2dyb3VuZAAQAAgAAMT6OukAAAARAAgAAMRkZIgAAAABABgAg1zEAINcvwAOh6QACkqvAApKmAAAe9gAAgBSTWFjaW50b3NoIEhEOlVzZXJzOmdoZW1pbmd3YXk6RG9jdW1lbnRzOlJlc2VhcmNoOkRpc3NlcnRhdGlvbjpCYWNrZ3JvdW5kOmdxXzA3LnBkZgAOABQACQBnAHEAXwAwADcALgBwAGQAZgAPABoADABNAGEAYwBpAG4AdABvAHMAaAAgAEgARAASAEVVc2Vycy9naGVtaW5nd2F5L0RvY3VtZW50cy9SZXNlYXJjaC9EaXNzZXJ0YXRpb24vQmFja2dyb3VuZC9ncV8wNy5wZGYAABMAAS8AABUAAgAR//8AAIAF0hwdHh9YJGNsYXNzZXNaJGNsYXNzbmFtZaMfICFdTlNNdXRhYmxlRGF0YVZOU0RhdGFYTlNPYmplY3RfEBRCYWNrZ3JvdW5kL2dxXzA3LnBkZtIcHSQloiUhXE5TRGljdGlvbmFyeRIAAYagXxAPTlNLZXllZEFyY2hpdmVyAAgAEQAWAB8AKAAyADUAOgA8AEUASwBSAF0AZQBsAG8AcQBzAHYAeAB6AHwAhgCTAJgAoAJiAmQCaQJyAn0CgQKPApYCnwK2ArsCvgLLAtAAAAAAAAACAQAAAAAAAAAoAAAAAAAAAAAAAAAAAAAC4g==}}

@article{gks_03,
	Author = {S. Ganeriwal and R. Kumar and M. Srivastava},
	Date-Added = {2010-02-02 14:17:27 -0600},
	Date-Modified = {2010-02-02 14:18:10 -0600},
	Keywords = {Time Synchronization},
	Title = {Timing-Sync Protocol for Sensor Networks},
	Year = {2003},
	Bdsk-File-1 = {YnBsaXN0MDDUAQIDBAUIJidUJHRvcFgkb2JqZWN0c1gkdmVyc2lvblkkYXJjaGl2ZXLRBgdUcm9vdIABqAkKFRYXGyIjVSRudWxs0wsMDQ4RFFpOUy5vYmplY3RzV05TLmtleXNWJGNsYXNzog8QgASABqISE4ACgAOAB1lhbGlhc0RhdGFccmVsYXRpdmVQYXRo0hgNGRpXTlMuZGF0YU8RAcIAAAAAAcIAAgAADE1hY2ludG9zaCBIRAAAAAAAAAAAAAAAAAAAAMT59JlIKwAAAINcxApna3NfMDMucGRmAAAAAAAAAAAAAAAAAAAAAAAAAAAAAAAAAAAAAAAAAAAAAAAAAAAAAAAAAAAAAAAAAAAAAAAAgahfx3ZXGQAAAAAAAAAAAAEAAwAACSAAAAAAAAAAAAAAAAAAAAAKQmFja2dyb3VuZAAQAAgAAMT6OukAAAARAAgAAMd2q3kAAAABABgAg1zEAINcvwAOh6QACkqvAApKmAAAe9gAAgBTTWFjaW50b3NoIEhEOlVzZXJzOmdoZW1pbmd3YXk6RG9jdW1lbnRzOlJlc2VhcmNoOkRpc3NlcnRhdGlvbjpCYWNrZ3JvdW5kOmdrc18wMy5wZGYAAA4AFgAKAGcAawBzAF8AMAAzAC4AcABkAGYADwAaAAwATQBhAGMAaQBuAHQAbwBzAGgAIABIAEQAEgBGVXNlcnMvZ2hlbWluZ3dheS9Eb2N1bWVudHMvUmVzZWFyY2gvRGlzc2VydGF0aW9uL0JhY2tncm91bmQvZ2tzXzAzLnBkZgATAAEvAAAVAAIAEf//AACABdIcHR4fWCRjbGFzc2VzWiRjbGFzc25hbWWjHyAhXU5TTXV0YWJsZURhdGFWTlNEYXRhWE5TT2JqZWN0XxAVQmFja2dyb3VuZC9na3NfMDMucGRm0hwdJCWiJSFcTlNEaWN0aW9uYXJ5EgABhqBfEA9OU0tleWVkQXJjaGl2ZXIACAARABYAHwAoADIANQA6ADwARQBLAFIAXQBlAGwAbwBxAHMAdgB4AHoAfACGAJMAmACgAmYCaAJtAnYCgQKFApMCmgKjArsCwALDAtAC1QAAAAAAAAIBAAAAAAAAACgAAAAAAAAAAAAAAAAAAALn}}

@article{ak_03,
	Author = {A. Agrawal and G. Karsai},
	Date-Added = {2010-02-02 14:15:30 -0600},
	Date-Modified = {2010-02-02 14:16:02 -0600},
	Keywords = {GME},
	Title = {Graph Transformations on Domain-Specific Models},
	Year = {2003},
	Bdsk-File-1 = {YnBsaXN0MDDUAQIDBAUIJidUJHRvcFgkb2JqZWN0c1gkdmVyc2lvblkkYXJjaGl2ZXLRBgdUcm9vdIABqAkKFRYXGyIjVSRudWxs0wsMDQ4RFFpOUy5vYmplY3RzV05TLmtleXNWJGNsYXNzog8QgASABqISE4ACgAOAB1lhbGlhc0RhdGFccmVsYXRpdmVQYXRo0hgNGRpXTlMuZGF0YU8RAcIAAAAAAcIAAgAADE1hY2ludG9zaCBIRAAAAAAAAAAAAAAAAAAAAMT59JlIKwAAAINcxApha3NfMDMucGRmAAAAAAAAAAAAAAAAAAAAAAAAAAAAAAAAAAAAAAAAAAAAAAAAAAAAAAAAAAAAAAAAAAAAAAAAg82Qx43ilwAAAAAAAAAAAAEAAwAACSAAAAAAAAAAAAAAAAAAAAAKQmFja2dyb3VuZAAQAAgAAMT6OukAAAARAAgAAMeONvcAAAABABgAg1zEAINcvwAOh6QACkqvAApKmAAAe9gAAgBTTWFjaW50b3NoIEhEOlVzZXJzOmdoZW1pbmd3YXk6RG9jdW1lbnRzOlJlc2VhcmNoOkRpc3NlcnRhdGlvbjpCYWNrZ3JvdW5kOmFrc18wMy5wZGYAAA4AFgAKAGEAawBzAF8AMAAzAC4AcABkAGYADwAaAAwATQBhAGMAaQBuAHQAbwBzAGgAIABIAEQAEgBGVXNlcnMvZ2hlbWluZ3dheS9Eb2N1bWVudHMvUmVzZWFyY2gvRGlzc2VydGF0aW9uL0JhY2tncm91bmQvYWtzXzAzLnBkZgATAAEvAAAVAAIAEf//AACABdIcHR4fWCRjbGFzc2VzWiRjbGFzc25hbWWjHyAhXU5TTXV0YWJsZURhdGFWTlNEYXRhWE5TT2JqZWN0XxAVQmFja2dyb3VuZC9ha3NfMDMucGRm0hwdJCWiJSFcTlNEaWN0aW9uYXJ5EgABhqBfEA9OU0tleWVkQXJjaGl2ZXIACAARABYAHwAoADIANQA6ADwARQBLAFIAXQBlAGwAbwBxAHMAdgB4AHoAfACGAJMAmACgAmYCaAJtAnYCgQKFApMCmgKjArsCwALDAtAC1QAAAAAAAAIBAAAAAAAAACgAAAAAAAAAAAAAAAAAAALn}}

@article{aknsv_03,
	Author = {A. Agrawal and G. Karsai and S. Neema and F. Shi and A. Vizhanyo},
	Date-Added = {2010-02-02 14:14:33 -0600},
	Date-Modified = {2010-02-02 14:15:26 -0600},
	Keywords = {GME},
	Title = {The Design of a Language for Model Transformations},
	Year = {2006},
	Bdsk-File-1 = {YnBsaXN0MDDUAQIDBAUIJidUJHRvcFgkb2JqZWN0c1gkdmVyc2lvblkkYXJjaGl2ZXLRBgdUcm9vdIABqAkKFRYXGyIjVSRudWxs0wsMDQ4RFFpOUy5vYmplY3RzV05TLmtleXNWJGNsYXNzog8QgASABqISE4ACgAOAB1lhbGlhc0RhdGFccmVsYXRpdmVQYXRo0hgNGRpXTlMuZGF0YU8RAcoAAAAAAcoAAgAADE1hY2ludG9zaCBIRAAAAAAAAAAAAAAAAAAAAMT59JlIKwAAAINcxAxha25zdl8wMy5wZGYAAAAAAAAAAAAAAAAAAAAAAAAAAAAAAAAAAAAAAAAAAAAAAAAAAAAAAAAAAAAAAAAAAAAAg82mx43irQAAAAAAAAAAAAEAAwAACSAAAAAAAAAAAAAAAAAAAAAKQmFja2dyb3VuZAAQAAgAAMT6OukAAAARAAgAAMeONw0AAAABABgAg1zEAINcvwAOh6QACkqvAApKmAAAe9gAAgBVTWFjaW50b3NoIEhEOlVzZXJzOmdoZW1pbmd3YXk6RG9jdW1lbnRzOlJlc2VhcmNoOkRpc3NlcnRhdGlvbjpCYWNrZ3JvdW5kOmFrbnN2XzAzLnBkZgAADgAaAAwAYQBrAG4AcwB2AF8AMAAzAC4AcABkAGYADwAaAAwATQBhAGMAaQBuAHQAbwBzAGgAIABIAEQAEgBIVXNlcnMvZ2hlbWluZ3dheS9Eb2N1bWVudHMvUmVzZWFyY2gvRGlzc2VydGF0aW9uL0JhY2tncm91bmQvYWtuc3ZfMDMucGRmABMAAS8AABUAAgAR//8AAIAF0hwdHh9YJGNsYXNzZXNaJGNsYXNzbmFtZaMfICFdTlNNdXRhYmxlRGF0YVZOU0RhdGFYTlNPYmplY3RfEBdCYWNrZ3JvdW5kL2FrbnN2XzAzLnBkZtIcHSQloiUhXE5TRGljdGlvbmFyeRIAAYagXxAPTlNLZXllZEFyY2hpdmVyAAgAEQAWAB8AKAAyADUAOgA8AEUASwBSAF0AZQBsAG8AcQBzAHYAeAB6AHwAhgCTAJgAoAJuAnACdQJ+AokCjQKbAqICqwLFAsoCzQLaAt8AAAAAAAACAQAAAAAAAAAoAAAAAAAAAAAAAAAAAAAC8Q==}}

@article{fujimoto_98,
	Author = {R. Fujimoto},
	Date-Added = {2010-02-01 11:34:32 -0600},
	Date-Modified = {2010-02-02 13:52:50 -0600},
	Keywords = {HLA},
	Title = {Time Management in the High Level Architecture},
	Year = {1998},
	Bdsk-File-1 = {YnBsaXN0MDDUAQIDBAUIJidUJHRvcFgkb2JqZWN0c1gkdmVyc2lvblkkYXJjaGl2ZXLRBgdUcm9vdIABqAkKFRYXGyIjVSRudWxs0wsMDQ4RFFpOUy5vYmplY3RzV05TLmtleXNWJGNsYXNzog8QgASABqISE4ACgAOAB1lhbGlhc0RhdGFccmVsYXRpdmVQYXRo0hgNGRpXTlMuZGF0YU8RAdYAAAAAAdYAAgAADE1hY2ludG9zaCBIRAAAAAAAAAAAAAAAAAAAAMT59JlIKwAAAINcxA9mdWppbW90b185OC5wZGYAAAAAAAAAAAAAAAAAAAAAAAAAAAAAAAAAAAAAAAAAAAAAAAAAAAAAAAAAAAAAAAAAg1zcxiRpRwAAAAAAAAAAAAEAAwAACSAAAAAAAAAAAAAAAAAAAAAKQmFja2dyb3VuZAAQAAgAAMT6OukAAAARAAgAAMYkr5cAAAABABgAg1zEAINcvwAOh6QACkqvAApKmAAAe9gAAgBYTWFjaW50b3NoIEhEOlVzZXJzOmdoZW1pbmd3YXk6RG9jdW1lbnRzOlJlc2VhcmNoOkRpc3NlcnRhdGlvbjpCYWNrZ3JvdW5kOmZ1amltb3RvXzk4LnBkZgAOACAADwBmAHUAagBpAG0AbwB0AG8AXwA5ADgALgBwAGQAZgAPABoADABNAGEAYwBpAG4AdABvAHMAaAAgAEgARAASAEtVc2Vycy9naGVtaW5nd2F5L0RvY3VtZW50cy9SZXNlYXJjaC9EaXNzZXJ0YXRpb24vQmFja2dyb3VuZC9mdWppbW90b185OC5wZGYAABMAAS8AABUAAgAR//8AAIAF0hwdHh9YJGNsYXNzZXNaJGNsYXNzbmFtZaMfICFdTlNNdXRhYmxlRGF0YVZOU0RhdGFYTlNPYmplY3RfEBpCYWNrZ3JvdW5kL2Z1amltb3RvXzk4LnBkZtIcHSQloiUhXE5TRGljdGlvbmFyeRIAAYagXxAPTlNLZXllZEFyY2hpdmVyAAgAEQAWAB8AKAAyADUAOgA8AEUASwBSAF0AZQBsAG8AcQBzAHYAeAB6AHwAhgCTAJgAoAJ6AnwCgQKKApUCmQKnAq4CtwLUAtkC3ALpAu4AAAAAAAACAQAAAAAAAAAoAAAAAAAAAAAAAAAAAAADAA==}}

@techreport{friedrich_09,
	Author = {L. Friedrich},
	Date-Added = {2010-02-01 11:33:31 -0600},
	Date-Modified = {2010-02-01 11:34:23 -0600},
	Institution = {Faculdade de Ciencias da Universidade de Lisboa},
	Title = {A Survery of Operating Systems Infrastructure for Embedded Systems},
	Year = {2009},
	Bdsk-File-1 = {YnBsaXN0MDDUAQIDBAUIJidUJHRvcFgkb2JqZWN0c1gkdmVyc2lvblkkYXJjaGl2ZXLRBgdUcm9vdIABqAkKFRYXGyIjVSRudWxs0wsMDQ4RFFpOUy5vYmplY3RzV05TLmtleXNWJGNsYXNzog8QgASABqISE4ACgAOAB1lhbGlhc0RhdGFccmVsYXRpdmVQYXRo0hgNGRpXTlMuZGF0YU8RAdoAAAAAAdoAAgAADE1hY2ludG9zaCBIRAAAAAAAAAAAAAAAAAAAAMT59JlIKwAAAINcxBBmcmllZHJpY2hfMDkucGRmAAAAAAAAAAAAAAAAAAAAAAAAAAAAAAAAAAAAAAAAAAAAAAAAAAAAAAAAAAAAAAAAfcE0x00mkgAAAAAAAAAAAAEAAwAACSAAAAAAAAAAAAAAAAAAAAAKQmFja2dyb3VuZAAQAAgAAMT6OukAAAARAAgAAMdNevIAAAABABgAg1zEAINcvwAOh6QACkqvAApKmAAAe9gAAgBZTWFjaW50b3NoIEhEOlVzZXJzOmdoZW1pbmd3YXk6RG9jdW1lbnRzOlJlc2VhcmNoOkRpc3NlcnRhdGlvbjpCYWNrZ3JvdW5kOmZyaWVkcmljaF8wOS5wZGYAAA4AIgAQAGYAcgBpAGUAZAByAGkAYwBoAF8AMAA5AC4AcABkAGYADwAaAAwATQBhAGMAaQBuAHQAbwBzAGgAIABIAEQAEgBMVXNlcnMvZ2hlbWluZ3dheS9Eb2N1bWVudHMvUmVzZWFyY2gvRGlzc2VydGF0aW9uL0JhY2tncm91bmQvZnJpZWRyaWNoXzA5LnBkZgATAAEvAAAVAAIAEf//AACABdIcHR4fWCRjbGFzc2VzWiRjbGFzc25hbWWjHyAhXU5TTXV0YWJsZURhdGFWTlNEYXRhWE5TT2JqZWN0XxAbQmFja2dyb3VuZC9mcmllZHJpY2hfMDkucGRm0hwdJCWiJSFcTlNEaWN0aW9uYXJ5EgABhqBfEA9OU0tleWVkQXJjaGl2ZXIACAARABYAHwAoADIANQA6ADwARQBLAFIAXQBlAGwAbwBxAHMAdgB4AHoAfACGAJMAmACgAn4CgAKFAo4CmQKdAqsCsgK7AtkC3gLhAu4C8wAAAAAAAAIBAAAAAAAAACgAAAAAAAAAAAAAAAAAAAMF}}

@article{fhspks_07,
	Author = {R. Fujimoto and M. Hunter and J. Sirichoke and M. Palekar and H. Kim and W. Suh},
	Date-Added = {2010-02-01 11:32:36 -0600},
	Date-Modified = {2010-02-02 14:17:17 -0600},
	Keywords = {Simulation},
	Title = {Ad Hoc Distributed Simulation},
	Year = {2007},
	Bdsk-File-1 = {YnBsaXN0MDDUAQIDBAUIJidUJHRvcFgkb2JqZWN0c1gkdmVyc2lvblkkYXJjaGl2ZXLRBgdUcm9vdIABqAkKFRYXGyIjVSRudWxs0wsMDQ4RFFpOUy5vYmplY3RzV05TLmtleXNWJGNsYXNzog8QgASABqISE4ACgAOAB1lhbGlhc0RhdGFccmVsYXRpdmVQYXRo0hgNGRpXTlMuZGF0YU8RAc4AAAAAAc4AAgAADE1hY2ludG9zaCBIRAAAAAAAAAAAAAAAAAAAAMT59JlIKwAAAINcxA1maHNwa3NfMDcucGRmAAAAAAAAAAAAAAAAAAAAAAAAAAAAAAAAAAAAAAAAAAAAAAAAAAAAAAAAAAAAAAAAAAAAg1ztwoSC9AAAAAAAAAAAAAEAAwAACSAAAAAAAAAAAAAAAAAAAAAKQmFja2dyb3VuZAAQAAgAAMT6OukAAAARAAgAAMKEyUQAAAABABgAg1zEAINcvwAOh6QACkqvAApKmAAAe9gAAgBWTWFjaW50b3NoIEhEOlVzZXJzOmdoZW1pbmd3YXk6RG9jdW1lbnRzOlJlc2VhcmNoOkRpc3NlcnRhdGlvbjpCYWNrZ3JvdW5kOmZoc3Brc18wNy5wZGYADgAcAA0AZgBoAHMAcABrAHMAXwAwADcALgBwAGQAZgAPABoADABNAGEAYwBpAG4AdABvAHMAaAAgAEgARAASAElVc2Vycy9naGVtaW5nd2F5L0RvY3VtZW50cy9SZXNlYXJjaC9EaXNzZXJ0YXRpb24vQmFja2dyb3VuZC9maHNwa3NfMDcucGRmAAATAAEvAAAVAAIAEf//AACABdIcHR4fWCRjbGFzc2VzWiRjbGFzc25hbWWjHyAhXU5TTXV0YWJsZURhdGFWTlNEYXRhWE5TT2JqZWN0XxAYQmFja2dyb3VuZC9maHNwa3NfMDcucGRm0hwdJCWiJSFcTlNEaWN0aW9uYXJ5EgABhqBfEA9OU0tleWVkQXJjaGl2ZXIACAARABYAHwAoADIANQA6ADwARQBLAFIAXQBlAGwAbwBxAHMAdgB4AHoAfACGAJMAmACgAnICdAJ5AoICjQKRAp8CpgKvAsoCzwLSAt8C5AAAAAAAAAIBAAAAAAAAACgAAAAAAAAAAAAAAAAAAAL2}}

@article{er_97,
	Author = {S. Even and S. Rajsbaum},
	Date-Added = {2010-02-01 11:30:57 -0600},
	Date-Modified = {2010-02-01 11:32:06 -0600},
	Journal = {Theory of Computing Systems},
	Keywords = {Clock Synchronization},
	Title = {The Use of a Synchronizer Yields the Maximum Computation Rate in Distributed Networks},
	Year = {1997},
	Bdsk-File-1 = {YnBsaXN0MDDUAQIDBAUIJidUJHRvcFgkb2JqZWN0c1gkdmVyc2lvblkkYXJjaGl2ZXLRBgdUcm9vdIABqAkKFRYXGyIjVSRudWxs0wsMDQ4RFFpOUy5vYmplY3RzV05TLmtleXNWJGNsYXNzog8QgASABqISE4ACgAOAB1lhbGlhc0RhdGFccmVsYXRpdmVQYXRo0hgNGRpXTlMuZGF0YU8RAb4AAAAAAb4AAgAADE1hY2ludG9zaCBIRAAAAAAAAAAAAAAAAAAAAMT59JlIKwAAAINcxAllcl85Ny5wZGYAAAAAAAAAAAAAAAAAAAAAAAAAAAAAAAAAAAAAAAAAAAAAAAAAAAAAAAAAAAAAAAAAAAAAAAAAgQSFx3CYTQAAAAAAAAAAAAEAAwAACSAAAAAAAAAAAAAAAAAAAAAKQmFja2dyb3VuZAAQAAgAAMT6OukAAAARAAgAAMdw7K0AAAABABgAg1zEAINcvwAOh6QACkqvAApKmAAAe9gAAgBSTWFjaW50b3NoIEhEOlVzZXJzOmdoZW1pbmd3YXk6RG9jdW1lbnRzOlJlc2VhcmNoOkRpc3NlcnRhdGlvbjpCYWNrZ3JvdW5kOmVyXzk3LnBkZgAOABQACQBlAHIAXwA5ADcALgBwAGQAZgAPABoADABNAGEAYwBpAG4AdABvAHMAaAAgAEgARAASAEVVc2Vycy9naGVtaW5nd2F5L0RvY3VtZW50cy9SZXNlYXJjaC9EaXNzZXJ0YXRpb24vQmFja2dyb3VuZC9lcl85Ny5wZGYAABMAAS8AABUAAgAR//8AAIAF0hwdHh9YJGNsYXNzZXNaJGNsYXNzbmFtZaMfICFdTlNNdXRhYmxlRGF0YVZOU0RhdGFYTlNPYmplY3RfEBRCYWNrZ3JvdW5kL2VyXzk3LnBkZtIcHSQloiUhXE5TRGljdGlvbmFyeRIAAYagXxAPTlNLZXllZEFyY2hpdmVyAAgAEQAWAB8AKAAyADUAOgA8AEUASwBSAF0AZQBsAG8AcQBzAHYAeAB6AHwAhgCTAJgAoAJiAmQCaQJyAn0CgQKPApYCnwK2ArsCvgLLAtAAAAAAAAACAQAAAAAAAAAoAAAAAAAAAAAAAAAAAAAC4g==}}

@mastersthesis{engen_07,
	Author = {M. Engen},
	Date-Added = {2010-02-01 11:29:17 -0600},
	Date-Modified = {2010-02-01 11:30:19 -0600},
	School = {Norwegian University of Science and Technology},
	Title = {Better Real-Time Capabilities for the AVR32 Linux Kernel},
	Year = {2007},
	Bdsk-File-1 = {YnBsaXN0MDDUAQIDBAUIJidUJHRvcFgkb2JqZWN0c1gkdmVyc2lvblkkYXJjaGl2ZXLRBgdUcm9vdIABqAkKFRYXGyIjVSRudWxs0wsMDQ4RFFpOUy5vYmplY3RzV05TLmtleXNWJGNsYXNzog8QgASABqISE4ACgAOAB1lhbGlhc0RhdGFccmVsYXRpdmVQYXRo0hgNGRpXTlMuZGF0YU8RAcoAAAAAAcoAAgAADE1hY2ludG9zaCBIRAAAAAAAAAAAAAAAAAAAAMT59JlIKwAAAINcxAxlbmdlbl8wNy5wZGYAAAAAAAAAAAAAAAAAAAAAAAAAAAAAAAAAAAAAAAAAAAAAAAAAAAAAAAAAAAAAAAAAAAAAgPQbx2zM+wAAAAAAAAAAAAEAAwAACSAAAAAAAAAAAAAAAAAAAAAKQmFja2dyb3VuZAAQAAgAAMT6OukAAAARAAgAAMdtIVsAAAABABgAg1zEAINcvwAOh6QACkqvAApKmAAAe9gAAgBVTWFjaW50b3NoIEhEOlVzZXJzOmdoZW1pbmd3YXk6RG9jdW1lbnRzOlJlc2VhcmNoOkRpc3NlcnRhdGlvbjpCYWNrZ3JvdW5kOmVuZ2VuXzA3LnBkZgAADgAaAAwAZQBuAGcAZQBuAF8AMAA3AC4AcABkAGYADwAaAAwATQBhAGMAaQBuAHQAbwBzAGgAIABIAEQAEgBIVXNlcnMvZ2hlbWluZ3dheS9Eb2N1bWVudHMvUmVzZWFyY2gvRGlzc2VydGF0aW9uL0JhY2tncm91bmQvZW5nZW5fMDcucGRmABMAAS8AABUAAgAR//8AAIAF0hwdHh9YJGNsYXNzZXNaJGNsYXNzbmFtZaMfICFdTlNNdXRhYmxlRGF0YVZOU0RhdGFYTlNPYmplY3RfEBdCYWNrZ3JvdW5kL2VuZ2VuXzA3LnBkZtIcHSQloiUhXE5TRGljdGlvbmFyeRIAAYagXxAPTlNLZXllZEFyY2hpdmVyAAgAEQAWAB8AKAAyADUAOgA8AEUASwBSAF0AZQBsAG8AcQBzAHYAeAB6AHwAhgCTAJgAoAJuAnACdQJ+AokCjQKbAqICqwLFAsoCzQLaAt8AAAAAAAACAQAAAAAAAAAoAAAAAAAAAAAAAAAAAAAC8Q==}}

@article{ehu_08,
	Author = {R. Ewald and J. Himmelspach and A. Uhrmacher},
	Date-Added = {2010-02-01 11:28:23 -0600},
	Date-Modified = {2010-02-01 11:29:07 -0600},
	Keywords = {Simulation},
	Title = {An Algorithm Selection Approach for Simulation Systems},
	Year = {2008},
	Bdsk-File-1 = {YnBsaXN0MDDUAQIDBAUIJidUJHRvcFgkb2JqZWN0c1gkdmVyc2lvblkkYXJjaGl2ZXLRBgdUcm9vdIABqAkKFRYXGyIjVSRudWxs0wsMDQ4RFFpOUy5vYmplY3RzV05TLmtleXNWJGNsYXNzog8QgASABqISE4ACgAOAB1lhbGlhc0RhdGFccmVsYXRpdmVQYXRo0hgNGRpXTlMuZGF0YU8RAcIAAAAAAcIAAgAADE1hY2ludG9zaCBIRAAAAAAAAAAAAAAAAAAAAMT59JlIKwAAAINcxAplaHVfMDgucGRmAAAAAAAAAAAAAAAAAAAAAAAAAAAAAAAAAAAAAAAAAAAAAAAAAAAAAAAAAAAAAAAAAAAAAAAAg1zsxPVtyQAAAAAAAAAAAAEAAwAACSAAAAAAAAAAAAAAAAAAAAAKQmFja2dyb3VuZAAQAAgAAMT6OukAAAARAAgAAMT1tBkAAAABABgAg1zEAINcvwAOh6QACkqvAApKmAAAe9gAAgBTTWFjaW50b3NoIEhEOlVzZXJzOmdoZW1pbmd3YXk6RG9jdW1lbnRzOlJlc2VhcmNoOkRpc3NlcnRhdGlvbjpCYWNrZ3JvdW5kOmVodV8wOC5wZGYAAA4AFgAKAGUAaAB1AF8AMAA4AC4AcABkAGYADwAaAAwATQBhAGMAaQBuAHQAbwBzAGgAIABIAEQAEgBGVXNlcnMvZ2hlbWluZ3dheS9Eb2N1bWVudHMvUmVzZWFyY2gvRGlzc2VydGF0aW9uL0JhY2tncm91bmQvZWh1XzA4LnBkZgATAAEvAAAVAAIAEf//AACABdIcHR4fWCRjbGFzc2VzWiRjbGFzc25hbWWjHyAhXU5TTXV0YWJsZURhdGFWTlNEYXRhWE5TT2JqZWN0XxAVQmFja2dyb3VuZC9laHVfMDgucGRm0hwdJCWiJSFcTlNEaWN0aW9uYXJ5EgABhqBfEA9OU0tleWVkQXJjaGl2ZXIACAARABYAHwAoADIANQA6ADwARQBLAFIAXQBlAGwAbwBxAHMAdgB4AHoAfACGAJMAmACgAmYCaAJtAnYCgQKFApMCmgKjArsCwALDAtAC1QAAAAAAAAIBAAAAAAAAACgAAAAAAAAAAAAAAAAAAALn}}

@conference{ec_99,
	Author = {J. Eker and A. Cervin},
	Booktitle = {Proceedings of the 6th International Conference on Real-Time Computing Systems and Applications},
	Date-Added = {2010-02-01 11:27:32 -0600},
	Date-Modified = {2010-02-12 10:30:06 -0600},
	Keywords = {TrueTime},
	Pages = {320--327},
	Title = {A Matlab Toolbox for Real-Time and Control Systems Co-Design},
	Year = {1999},
	Bdsk-File-1 = {YnBsaXN0MDDUAQIDBAUIJidUJHRvcFgkb2JqZWN0c1gkdmVyc2lvblkkYXJjaGl2ZXLRBgdUcm9vdIABqAkKFRYXGyIjVSRudWxs0wsMDQ4RFFpOUy5vYmplY3RzV05TLmtleXNWJGNsYXNzog8QgASABqISE4ACgAOAB1lhbGlhc0RhdGFccmVsYXRpdmVQYXRo0hgNGRpXTlMuZGF0YU8RAb4AAAAAAb4AAgAADE1hY2ludG9zaCBIRAAAAAAAAAAAAAAAAAAAAMT59JlIKwAAAINcxAllY185OS5wZGYAAAAAAAAAAAAAAAAAAAAAAAAAAAAAAAAAAAAAAAAAAAAAAAAAAAAAAAAAAAAAAAAAAAAAAAAAgzuVx4hiXgAAAAAAAAAAAAEAAwAACSAAAAAAAAAAAAAAAAAAAAAKQmFja2dyb3VuZAAQAAgAAMT6OukAAAARAAgAAMeItr4AAAABABgAg1zEAINcvwAOh6QACkqvAApKmAAAe9gAAgBSTWFjaW50b3NoIEhEOlVzZXJzOmdoZW1pbmd3YXk6RG9jdW1lbnRzOlJlc2VhcmNoOkRpc3NlcnRhdGlvbjpCYWNrZ3JvdW5kOmVjXzk5LnBkZgAOABQACQBlAGMAXwA5ADkALgBwAGQAZgAPABoADABNAGEAYwBpAG4AdABvAHMAaAAgAEgARAASAEVVc2Vycy9naGVtaW5nd2F5L0RvY3VtZW50cy9SZXNlYXJjaC9EaXNzZXJ0YXRpb24vQmFja2dyb3VuZC9lY185OS5wZGYAABMAAS8AABUAAgAR//8AAIAF0hwdHh9YJGNsYXNzZXNaJGNsYXNzbmFtZaMfICFdTlNNdXRhYmxlRGF0YVZOU0RhdGFYTlNPYmplY3RfEBRCYWNrZ3JvdW5kL2VjXzk5LnBkZtIcHSQloiUhXE5TRGljdGlvbmFyeRIAAYagXxAPTlNLZXllZEFyY2hpdmVyAAgAEQAWAB8AKAAyADUAOgA8AEUASwBSAF0AZQBsAG8AcQBzAHYAeAB6AHwAhgCTAJgAoAJiAmQCaQJyAn0CgQKPApYCnwK2ArsCvgLLAtAAAAAAAAACAQAAAAAAAAAoAAAAAAAAAAAAAAAAAAAC4g==}}

@techreport{dkkm_09,
	Author = {A. Dubey and G. Karsai and R. Kereskenyi and N. Mahadevan},
	Date-Added = {2010-02-01 11:26:08 -0600},
	Date-Modified = {2010-02-01 11:27:15 -0600},
	Institution = {Institue for Software Integrated Systems, Vanderbilt University},
	Title = {Towards a Real-time Component Framework for Software Health Management},
	Year = {2009},
	Bdsk-File-1 = {YnBsaXN0MDDUAQIDBAUIJidUJHRvcFgkb2JqZWN0c1gkdmVyc2lvblkkYXJjaGl2ZXLRBgdUcm9vdIABqAkKFRYXGyIjVSRudWxs0wsMDQ4RFFpOUy5vYmplY3RzV05TLmtleXNWJGNsYXNzog8QgASABqISE4ACgAOAB1lhbGlhc0RhdGFccmVsYXRpdmVQYXRo0hgNGRpXTlMuZGF0YU8RAcYAAAAAAcYAAgAADE1hY2ludG9zaCBIRAAAAAAAAAAAAAAAAAAAAMT59JlIKwAAAINcxAtka2ttXzA5LnBkZgAAAAAAAAAAAAAAAAAAAAAAAAAAAAAAAAAAAAAAAAAAAAAAAAAAAAAAAAAAAAAAAAAAAAAAg16Wx4xLqAAAAAAAAAAAAAEAAwAACSAAAAAAAAAAAAAAAAAAAAAKQmFja2dyb3VuZAAQAAgAAMT6OukAAAARAAgAAMeMoAgAAAABABgAg1zEAINcvwAOh6QACkqvAApKmAAAe9gAAgBUTWFjaW50b3NoIEhEOlVzZXJzOmdoZW1pbmd3YXk6RG9jdW1lbnRzOlJlc2VhcmNoOkRpc3NlcnRhdGlvbjpCYWNrZ3JvdW5kOmRra21fMDkucGRmAA4AGAALAGQAawBrAG0AXwAwADkALgBwAGQAZgAPABoADABNAGEAYwBpAG4AdABvAHMAaAAgAEgARAASAEdVc2Vycy9naGVtaW5nd2F5L0RvY3VtZW50cy9SZXNlYXJjaC9EaXNzZXJ0YXRpb24vQmFja2dyb3VuZC9ka2ttXzA5LnBkZgAAEwABLwAAFQACABH//wAAgAXSHB0eH1gkY2xhc3Nlc1okY2xhc3NuYW1lox8gIV1OU011dGFibGVEYXRhVk5TRGF0YVhOU09iamVjdF8QFkJhY2tncm91bmQvZGtrbV8wOS5wZGbSHB0kJaIlIVxOU0RpY3Rpb25hcnkSAAGGoF8QD05TS2V5ZWRBcmNoaXZlcgAIABEAFgAfACgAMgA1ADoAPABFAEsAUgBdAGUAbABvAHEAcwB2AHgAegB8AIYAkwCYAKACagJsAnECegKFAokClwKeAqcCwALFAsgC1QLaAAAAAAAAAgEAAAAAAAAAKAAAAAAAAAAAAAAAAAAAAuw=}}

@article{crowley_08,
	Author = {P. Crowley},
	Date-Added = {2010-02-01 11:25:26 -0600},
	Date-Modified = {2010-02-01 11:26:03 -0600},
	Keywords = {Simulation},
	Title = {A Dynamic Publish-Subscribe Network for Distributed Simulation},
	Year = {2008},
	Bdsk-File-1 = {YnBsaXN0MDDUAQIDBAUIJidUJHRvcFgkb2JqZWN0c1gkdmVyc2lvblkkYXJjaGl2ZXLRBgdUcm9vdIABqAkKFRYXGyIjVSRudWxs0wsMDQ4RFFpOUy5vYmplY3RzV05TLmtleXNWJGNsYXNzog8QgASABqISE4ACgAOAB1lhbGlhc0RhdGFccmVsYXRpdmVQYXRo0hgNGRpXTlMuZGF0YU8RAdIAAAAAAdIAAgAADE1hY2ludG9zaCBIRAAAAAAAAAAAAAAAAAAAAMT59JlIKwAAAINcxA5jcm93bGV5XzA4LnBkZgAAAAAAAAAAAAAAAAAAAAAAAAAAAAAAAAAAAAAAAAAAAAAAAAAAAAAAAAAAAAAAAAAAg1zrxPVt1gAAAAAAAAAAAAEAAwAACSAAAAAAAAAAAAAAAAAAAAAKQmFja2dyb3VuZAAQAAgAAMT6OukAAAARAAgAAMT1tCYAAAABABgAg1zEAINcvwAOh6QACkqvAApKmAAAe9gAAgBXTWFjaW50b3NoIEhEOlVzZXJzOmdoZW1pbmd3YXk6RG9jdW1lbnRzOlJlc2VhcmNoOkRpc3NlcnRhdGlvbjpCYWNrZ3JvdW5kOmNyb3dsZXlfMDgucGRmAAAOAB4ADgBjAHIAbwB3AGwAZQB5AF8AMAA4AC4AcABkAGYADwAaAAwATQBhAGMAaQBuAHQAbwBzAGgAIABIAEQAEgBKVXNlcnMvZ2hlbWluZ3dheS9Eb2N1bWVudHMvUmVzZWFyY2gvRGlzc2VydGF0aW9uL0JhY2tncm91bmQvY3Jvd2xleV8wOC5wZGYAEwABLwAAFQACABH//wAAgAXSHB0eH1gkY2xhc3Nlc1okY2xhc3NuYW1lox8gIV1OU011dGFibGVEYXRhVk5TRGF0YVhOU09iamVjdF8QGUJhY2tncm91bmQvY3Jvd2xleV8wOC5wZGbSHB0kJaIlIVxOU0RpY3Rpb25hcnkSAAGGoF8QD05TS2V5ZWRBcmNoaXZlcgAIABEAFgAfACgAMgA1ADoAPABFAEsAUgBdAGUAbABvAHEAcwB2AHgAegB8AIYAkwCYAKACdgJ4An0ChgKRApUCowKqArMCzwLUAtcC5ALpAAAAAAAAAgEAAAAAAAAAKAAAAAAAAAAAAAAAAAAAAvs=},
	Bdsk-File-2 = {YnBsaXN0MDDUAQIDBAUIJidUJHRvcFgkb2JqZWN0c1gkdmVyc2lvblkkYXJjaGl2ZXLRBgdUcm9vdIABqAkKFRYXGyIjVSRudWxs0wsMDQ4RFFpOUy5vYmplY3RzV05TLmtleXNWJGNsYXNzog8QgASABqISE4ACgAOAB1lhbGlhc0RhdGFccmVsYXRpdmVQYXRo0hgNGRpXTlMuZGF0YU8RAb4AAAAAAb4AAgAADE1hY2ludG9zaCBIRAAAAAAAAAAAAAAAAAAAAMT59JlIKwAAAINcxAlnc18wNS5wZGYAAAAAAAAAAAAAAAAAAAAAAAAAAAAAAAAAAAAAAAAAAAAAAAAAAAAAAAAAAAAAAAAAAAAAAAAAg1zexGQeNAAAAAAAAAAAAAEAAwAACSAAAAAAAAAAAAAAAAAAAAAKQmFja2dyb3VuZAAQAAgAAMT6OukAAAARAAgAAMRkZIQAAAABABgAg1zEAINcvwAOh6QACkqvAApKmAAAe9gAAgBSTWFjaW50b3NoIEhEOlVzZXJzOmdoZW1pbmd3YXk6RG9jdW1lbnRzOlJlc2VhcmNoOkRpc3NlcnRhdGlvbjpCYWNrZ3JvdW5kOmdzXzA1LnBkZgAOABQACQBnAHMAXwAwADUALgBwAGQAZgAPABoADABNAGEAYwBpAG4AdABvAHMAaAAgAEgARAASAEVVc2Vycy9naGVtaW5nd2F5L0RvY3VtZW50cy9SZXNlYXJjaC9EaXNzZXJ0YXRpb24vQmFja2dyb3VuZC9nc18wNS5wZGYAABMAAS8AABUAAgAR//8AAIAF0hwdHh9YJGNsYXNzZXNaJGNsYXNzbmFtZaMfICFdTlNNdXRhYmxlRGF0YVZOU0RhdGFYTlNPYmplY3RfEBRCYWNrZ3JvdW5kL2dzXzA1LnBkZtIcHSQloiUhXE5TRGljdGlvbmFyeRIAAYagXxAPTlNLZXllZEFyY2hpdmVyAAgAEQAWAB8AKAAyADUAOgA8AEUASwBSAF0AZQBsAG8AcQBzAHYAeAB6AHwAhgCTAJgAoAJiAmQCaQJyAn0CgQKPApYCnwK2ArsCvgLLAtAAAAAAAAACAQAAAAAAAAAoAAAAAAAAAAAAAAAAAAAC4g==}}

@manual{cho_09,
	Author = {A. Cervin and D. Henriksson and M. Ohlin},
	Date-Added = {2010-02-01 11:24:25 -0600},
	Date-Modified = {2010-02-01 11:25:19 -0600},
	Keywords = {TrueTime},
	Month = {January},
	Organization = {Department of Automatic Control, Lund University},
	Title = {TruTime 2.0 beta - Reference Manual},
	Year = {2009},
	Bdsk-File-1 = {YnBsaXN0MDDUAQIDBAUIJidUJHRvcFgkb2JqZWN0c1gkdmVyc2lvblkkYXJjaGl2ZXLRBgdUcm9vdIABqAkKFRYXGyIjVSRudWxs0wsMDQ4RFFpOUy5vYmplY3RzV05TLmtleXNWJGNsYXNzog8QgASABqISE4ACgAOAB1lhbGlhc0RhdGFccmVsYXRpdmVQYXRo0hgNGRpXTlMuZGF0YU8RAcIAAAAAAcIAAgAADE1hY2ludG9zaCBIRAAAAAAAAAAAAAAAAAAAAMT59JlIKwAAAINcxApjaG9fMDkucGRmAAAAAAAAAAAAAAAAAAAAAAAAAAAAAAAAAAAAAAAAAAAAAAAAAAAAAAAAAAAAAAAAAAAAAAAAg14kx4xKwQAAAAAAAAAAAAEAAwAACSAAAAAAAAAAAAAAAAAAAAAKQmFja2dyb3VuZAAQAAgAAMT6OukAAAARAAgAAMeMnyEAAAABABgAg1zEAINcvwAOh6QACkqvAApKmAAAe9gAAgBTTWFjaW50b3NoIEhEOlVzZXJzOmdoZW1pbmd3YXk6RG9jdW1lbnRzOlJlc2VhcmNoOkRpc3NlcnRhdGlvbjpCYWNrZ3JvdW5kOmNob18wOS5wZGYAAA4AFgAKAGMAaABvAF8AMAA5AC4AcABkAGYADwAaAAwATQBhAGMAaQBuAHQAbwBzAGgAIABIAEQAEgBGVXNlcnMvZ2hlbWluZ3dheS9Eb2N1bWVudHMvUmVzZWFyY2gvRGlzc2VydGF0aW9uL0JhY2tncm91bmQvY2hvXzA5LnBkZgATAAEvAAAVAAIAEf//AACABdIcHR4fWCRjbGFzc2VzWiRjbGFzc25hbWWjHyAhXU5TTXV0YWJsZURhdGFWTlNEYXRhWE5TT2JqZWN0XxAVQmFja2dyb3VuZC9jaG9fMDkucGRm0hwdJCWiJSFcTlNEaWN0aW9uYXJ5EgABhqBfEA9OU0tleWVkQXJjaGl2ZXIACAARABYAHwAoADIANQA6ADwARQBLAFIAXQBlAGwAbwBxAHMAdgB4AHoAfACGAJMAmACgAmYCaAJtAnYCgQKFApMCmgKjArsCwALDAtAC1QAAAAAAAAIBAAAAAAAAACgAAAAAAAAAAAAAAAAAAALn}}

@article{cha_97,
	Author = {W. Chang and S. Ha and E. Lee},
	Date-Added = {2010-02-01 11:23:39 -0600},
	Date-Modified = {2010-02-01 11:24:21 -0600},
	Keywords = {Simulation},
	Title = {Heterogeneous Simulation - Mixing Discreet-Event Models with Dataflow},
	Year = {1997},
	Bdsk-File-1 = {YnBsaXN0MDDUAQIDBAUIJidUJHRvcFgkb2JqZWN0c1gkdmVyc2lvblkkYXJjaGl2ZXLRBgdUcm9vdIABqAkKFRYXGyIjVSRudWxs0wsMDQ4RFFpOUy5vYmplY3RzV05TLmtleXNWJGNsYXNzog8QgASABqISE4ACgAOAB1lhbGlhc0RhdGFccmVsYXRpdmVQYXRo0hgNGRpXTlMuZGF0YU8RAcIAAAAAAcIAAgAADE1hY2ludG9zaCBIRAAAAAAAAAAAAAAAAAAAAMT59JlIKwAAAINcxApjaGFfOTcucGRmAAAAAAAAAAAAAAAAAAAAAAAAAAAAAAAAAAAAAAAAAAAAAAAAAAAAAAAAAAAAAAAAAAAAAAAAg1zbxiRn4wAAAAAAAAAAAAEAAwAACSAAAAAAAAAAAAAAAAAAAAAKQmFja2dyb3VuZAAQAAgAAMT6OukAAAARAAgAAMYkrjMAAAABABgAg1zEAINcvwAOh6QACkqvAApKmAAAe9gAAgBTTWFjaW50b3NoIEhEOlVzZXJzOmdoZW1pbmd3YXk6RG9jdW1lbnRzOlJlc2VhcmNoOkRpc3NlcnRhdGlvbjpCYWNrZ3JvdW5kOmNoYV85Ny5wZGYAAA4AFgAKAGMAaABhAF8AOQA3AC4AcABkAGYADwAaAAwATQBhAGMAaQBuAHQAbwBzAGgAIABIAEQAEgBGVXNlcnMvZ2hlbWluZ3dheS9Eb2N1bWVudHMvUmVzZWFyY2gvRGlzc2VydGF0aW9uL0JhY2tncm91bmQvY2hhXzk3LnBkZgATAAEvAAAVAAIAEf//AACABdIcHR4fWCRjbGFzc2VzWiRjbGFzc25hbWWjHyAhXU5TTXV0YWJsZURhdGFWTlNEYXRhWE5TT2JqZWN0XxAVQmFja2dyb3VuZC9jaGFfOTcucGRm0hwdJCWiJSFcTlNEaWN0aW9uYXJ5EgABhqBfEA9OU0tleWVkQXJjaGl2ZXIACAARABYAHwAoADIANQA6ADwARQBLAFIAXQBlAGwAbwBxAHMAdgB4AHoAfACGAJMAmACgAmYCaAJtAnYCgQKFApMCmgKjArsCwALDAtAC1QAAAAAAAAIBAAAAAAAAACgAAAAAAAAAAAAAAAAAAALn}}

@article{ch_71,
	Author = {F. Commoner and A.W. Holt},
	Date-Added = {2010-02-01 11:23:09 -0600},
	Date-Modified = {2010-02-01 11:23:33 -0600},
	Keywords = {Theory},
	Title = {Marked Directed Graphs},
	Year = {1971},
	Bdsk-File-1 = {YnBsaXN0MDDUAQIDBAUIJidUJHRvcFgkb2JqZWN0c1gkdmVyc2lvblkkYXJjaGl2ZXLRBgdUcm9vdIABqAkKFRYXGyIjVSRudWxs0wsMDQ4RFFpOUy5vYmplY3RzV05TLmtleXNWJGNsYXNzog8QgASABqISE4ACgAOAB1lhbGlhc0RhdGFccmVsYXRpdmVQYXRo0hgNGRpXTlMuZGF0YU8RAb4AAAAAAb4AAgAADE1hY2ludG9zaCBIRAAAAAAAAAAAAAAAAAAAAMT59JlIKwAAAINcxAljaF83MS5wZGYAAAAAAAAAAAAAAAAAAAAAAAAAAAAAAAAAAAAAAAAAAAAAAAAAAAAAAAAAAAAAAAAAAAAAAAAAgQRax3CYHwAAAAAAAAAAAAEAAwAACSAAAAAAAAAAAAAAAAAAAAAKQmFja2dyb3VuZAAQAAgAAMT6OukAAAARAAgAAMdw7H8AAAABABgAg1zEAINcvwAOh6QACkqvAApKmAAAe9gAAgBSTWFjaW50b3NoIEhEOlVzZXJzOmdoZW1pbmd3YXk6RG9jdW1lbnRzOlJlc2VhcmNoOkRpc3NlcnRhdGlvbjpCYWNrZ3JvdW5kOmNoXzcxLnBkZgAOABQACQBjAGgAXwA3ADEALgBwAGQAZgAPABoADABNAGEAYwBpAG4AdABvAHMAaAAgAEgARAASAEVVc2Vycy9naGVtaW5nd2F5L0RvY3VtZW50cy9SZXNlYXJjaC9EaXNzZXJ0YXRpb24vQmFja2dyb3VuZC9jaF83MS5wZGYAABMAAS8AABUAAgAR//8AAIAF0hwdHh9YJGNsYXNzZXNaJGNsYXNzbmFtZaMfICFdTlNNdXRhYmxlRGF0YVZOU0RhdGFYTlNPYmplY3RfEBRCYWNrZ3JvdW5kL2NoXzcxLnBkZtIcHSQloiUhXE5TRGljdGlvbmFyeRIAAYagXxAPTlNLZXllZEFyY2hpdmVyAAgAEQAWAB8AKAAyADUAOgA8AEUASwBSAF0AZQBsAG8AcQBzAHYAeAB6AHwAhgCTAJgAoAJiAmQCaQJyAn0CgQKPApYCnwK2ArsCvgLLAtAAAAAAAAACAQAAAAAAAAAoAAAAAAAAAAAAAAAAAAAC4g==}}

@article{cdgmmo_93,
	Author = {J. Calvin and A. Dickens and B. Gaines and P. Metzger and D. Miller and D. Owen},
	Date-Added = {2010-02-01 11:22:18 -0600},
	Date-Modified = {2010-02-01 11:23:05 -0600},
	Keywords = {Simulation},
	Title = {The SIMNET Virtual World Architecture},
	Year = {1993},
	Bdsk-File-1 = {YnBsaXN0MDDUAQIDBAUIJidUJHRvcFgkb2JqZWN0c1gkdmVyc2lvblkkYXJjaGl2ZXLRBgdUcm9vdIABqAkKFRYXGyIjVSRudWxs0wsMDQ4RFFpOUy5vYmplY3RzV05TLmtleXNWJGNsYXNzog8QgASABqISE4ACgAOAB1lhbGlhc0RhdGFccmVsYXRpdmVQYXRo0hgNGRpXTlMuZGF0YU8RAc4AAAAAAc4AAgAADE1hY2ludG9zaCBIRAAAAAAAAAAAAAAAAAAAAMT59JlIKwAAAINcxA1jZGdtbW9fOTMucGRmAAAAAAAAAAAAAAAAAAAAAAAAAAAAAAAAAAAAAAAAAAAAAAAAAAAAAAAAAAAAAAAAAAAAg1zaxico8wAAAAAAAAAAAAEAAwAACSAAAAAAAAAAAAAAAAAAAAAKQmFja2dyb3VuZAAQAAgAAMT6OukAAAARAAgAAMYnb0MAAAABABgAg1zEAINcvwAOh6QACkqvAApKmAAAe9gAAgBWTWFjaW50b3NoIEhEOlVzZXJzOmdoZW1pbmd3YXk6RG9jdW1lbnRzOlJlc2VhcmNoOkRpc3NlcnRhdGlvbjpCYWNrZ3JvdW5kOmNkZ21tb185My5wZGYADgAcAA0AYwBkAGcAbQBtAG8AXwA5ADMALgBwAGQAZgAPABoADABNAGEAYwBpAG4AdABvAHMAaAAgAEgARAASAElVc2Vycy9naGVtaW5nd2F5L0RvY3VtZW50cy9SZXNlYXJjaC9EaXNzZXJ0YXRpb24vQmFja2dyb3VuZC9jZGdtbW9fOTMucGRmAAATAAEvAAAVAAIAEf//AACABdIcHR4fWCRjbGFzc2VzWiRjbGFzc25hbWWjHyAhXU5TTXV0YWJsZURhdGFWTlNEYXRhWE5TT2JqZWN0XxAYQmFja2dyb3VuZC9jZGdtbW9fOTMucGRm0hwdJCWiJSFcTlNEaWN0aW9uYXJ5EgABhqBfEA9OU0tleWVkQXJjaGl2ZXIACAARABYAHwAoADIANQA6ADwARQBLAFIAXQBlAGwAbwBxAHMAdgB4AHoAfACGAJMAmACgAnICdAJ5AoICjQKRAp8CpgKvAsoCzwLSAt8C5AAAAAAAAAIBAAAAAAAAACgAAAAAAAAAAAAAAAAAAAL2}}

@article{bs_08,
	Author = {S. Bliudze and J. Sifakis},
	Date-Added = {2010-02-01 11:21:36 -0600},
	Date-Modified = {2010-02-01 11:22:11 -0600},
	Keywords = {BIP},
	Title = {A Notion of Glue Expressiveness for Component-Based Systems},
	Year = {2008},
	Bdsk-File-1 = {YnBsaXN0MDDUAQIDBAUIJidUJHRvcFgkb2JqZWN0c1gkdmVyc2lvblkkYXJjaGl2ZXLRBgdUcm9vdIABqAkKFRYXGyIjVSRudWxs0wsMDQ4RFFpOUy5vYmplY3RzV05TLmtleXNWJGNsYXNzog8QgASABqISE4ACgAOAB1lhbGlhc0RhdGFccmVsYXRpdmVQYXRo0hgNGRpXTlMuZGF0YU8RAb4AAAAAAb4AAgAADE1hY2ludG9zaCBIRAAAAAAAAAAAAAAAAAAAAMT59JlIKwAAAINcxAlic18wOC5wZGYAAAAAAAAAAAAAAAAAAAAAAAAAAAAAAAAAAAAAAAAAAAAAAAAAAAAAAAAAAAAAAAAAAAAAAAAAg1zRxpM7kgAAAAAAAAAAAAEAAwAACSAAAAAAAAAAAAAAAAAAAAAKQmFja2dyb3VuZAAQAAgAAMT6OukAAAARAAgAAMaTgeIAAAABABgAg1zEAINcvwAOh6QACkqvAApKmAAAe9gAAgBSTWFjaW50b3NoIEhEOlVzZXJzOmdoZW1pbmd3YXk6RG9jdW1lbnRzOlJlc2VhcmNoOkRpc3NlcnRhdGlvbjpCYWNrZ3JvdW5kOmJzXzA4LnBkZgAOABQACQBiAHMAXwAwADgALgBwAGQAZgAPABoADABNAGEAYwBpAG4AdABvAHMAaAAgAEgARAASAEVVc2Vycy9naGVtaW5nd2F5L0RvY3VtZW50cy9SZXNlYXJjaC9EaXNzZXJ0YXRpb24vQmFja2dyb3VuZC9ic18wOC5wZGYAABMAAS8AABUAAgAR//8AAIAF0hwdHh9YJGNsYXNzZXNaJGNsYXNzbmFtZaMfICFdTlNNdXRhYmxlRGF0YVZOU0RhdGFYTlNPYmplY3RfEBRCYWNrZ3JvdW5kL2JzXzA4LnBkZtIcHSQloiUhXE5TRGljdGlvbmFyeRIAAYagXxAPTlNLZXllZEFyY2hpdmVyAAgAEQAWAB8AKAAyADUAOgA8AEUASwBSAF0AZQBsAG8AcQBzAHYAeAB6AHwAhgCTAJgAoAJiAmQCaQJyAn0CgQKPApYCnwK2ArsCvgLLAtAAAAAAAAACAQAAAAAAAAAoAAAAAAAAAAAAAAAAAAAC4g==}}

@article{bpl_01,
	Author = {A. Bakshi and V. Prasanna and A. Ledeczi},
	Date-Added = {2010-02-01 11:20:31 -0600},
	Date-Modified = {2010-02-01 11:21:27 -0600},
	Keywords = {Simulation},
	Title = {MILAN: A Model Based Integrated Simulation Framework for Design of Embedded Systems},
	Year = {2001},
	Bdsk-File-1 = {YnBsaXN0MDDUAQIDBAUIJidUJHRvcFgkb2JqZWN0c1gkdmVyc2lvblkkYXJjaGl2ZXLRBgdUcm9vdIABqAkKFRYXGyIjVSRudWxs0wsMDQ4RFFpOUy5vYmplY3RzV05TLmtleXNWJGNsYXNzog8QgASABqISE4ACgAOAB1lhbGlhc0RhdGFccmVsYXRpdmVQYXRo0hgNGRpXTlMuZGF0YU8RAcIAAAAAAcIAAgAADE1hY2ludG9zaCBIRAAAAAAAAAAAAAAAAAAAAMT59JlIKwAAAINcxApicGxfMDEucGRmAAAAAAAAAAAAAAAAAAAAAAAAAAAAAAAAAAAAAAAAAAAAAAAAAAAAAAAAAAAAAAAAAAAAAAAAg15jx4xLEAAAAAAAAAAAAAEAAwAACSAAAAAAAAAAAAAAAAAAAAAKQmFja2dyb3VuZAAQAAgAAMT6OukAAAARAAgAAMeMn3AAAAABABgAg1zEAINcvwAOh6QACkqvAApKmAAAe9gAAgBTTWFjaW50b3NoIEhEOlVzZXJzOmdoZW1pbmd3YXk6RG9jdW1lbnRzOlJlc2VhcmNoOkRpc3NlcnRhdGlvbjpCYWNrZ3JvdW5kOmJwbF8wMS5wZGYAAA4AFgAKAGIAcABsAF8AMAAxAC4AcABkAGYADwAaAAwATQBhAGMAaQBuAHQAbwBzAGgAIABIAEQAEgBGVXNlcnMvZ2hlbWluZ3dheS9Eb2N1bWVudHMvUmVzZWFyY2gvRGlzc2VydGF0aW9uL0JhY2tncm91bmQvYnBsXzAxLnBkZgATAAEvAAAVAAIAEf//AACABdIcHR4fWCRjbGFzc2VzWiRjbGFzc25hbWWjHyAhXU5TTXV0YWJsZURhdGFWTlNEYXRhWE5TT2JqZWN0XxAVQmFja2dyb3VuZC9icGxfMDEucGRm0hwdJCWiJSFcTlNEaWN0aW9uYXJ5EgABhqBfEA9OU0tleWVkQXJjaGl2ZXIACAARABYAHwAoADIANQA6ADwARQBLAFIAXQBlAGwAbwBxAHMAdgB4AHoAfACGAJMAmACgAmYCaAJtAnYCgQKFApMCmgKjArsCwALDAtAC1QAAAAAAAAIBAAAAAAAAACgAAAAAAAAAAAAAAAAAAALn}}

@article{bp_07,
	Author = {D. Bauer and E. Page},
	Date-Added = {2010-02-01 11:19:31 -0600},
	Date-Modified = {2010-02-01 11:20:24 -0600},
	Keywords = {Simulation},
	Title = {An Approach for Incorporating Rollback Through Perfectly Reversible Computation in a Stream Simulator},
	Year = {2007},
	Bdsk-File-1 = {YnBsaXN0MDDUAQIDBAUIJidUJHRvcFgkb2JqZWN0c1gkdmVyc2lvblkkYXJjaGl2ZXLRBgdUcm9vdIABqAkKFRYXGyIjVSRudWxs0wsMDQ4RFFpOUy5vYmplY3RzV05TLmtleXNWJGNsYXNzog8QgASABqISE4ACgAOAB1lhbGlhc0RhdGFccmVsYXRpdmVQYXRo0hgNGRpXTlMuZGF0YU8RAb4AAAAAAb4AAgAADE1hY2ludG9zaCBIRAAAAAAAAAAAAAAAAAAAAMT59JlIKwAAAINcxAlicF8wNy5wZGYAAAAAAAAAAAAAAAAAAAAAAAAAAAAAAAAAAAAAAAAAAAAAAAAAAAAAAAAAAAAAAAAAAAAAAAAAg1zqwoSC9gAAAAAAAAAAAAEAAwAACSAAAAAAAAAAAAAAAAAAAAAKQmFja2dyb3VuZAAQAAgAAMT6OukAAAARAAgAAMKEyUYAAAABABgAg1zEAINcvwAOh6QACkqvAApKmAAAe9gAAgBSTWFjaW50b3NoIEhEOlVzZXJzOmdoZW1pbmd3YXk6RG9jdW1lbnRzOlJlc2VhcmNoOkRpc3NlcnRhdGlvbjpCYWNrZ3JvdW5kOmJwXzA3LnBkZgAOABQACQBiAHAAXwAwADcALgBwAGQAZgAPABoADABNAGEAYwBpAG4AdABvAHMAaAAgAEgARAASAEVVc2Vycy9naGVtaW5nd2F5L0RvY3VtZW50cy9SZXNlYXJjaC9EaXNzZXJ0YXRpb24vQmFja2dyb3VuZC9icF8wNy5wZGYAABMAAS8AABUAAgAR//8AAIAF0hwdHh9YJGNsYXNzZXNaJGNsYXNzbmFtZaMfICFdTlNNdXRhYmxlRGF0YVZOU0RhdGFYTlNPYmplY3RfEBRCYWNrZ3JvdW5kL2JwXzA3LnBkZtIcHSQloiUhXE5TRGljdGlvbmFyeRIAAYagXxAPTlNLZXllZEFyY2hpdmVyAAgAEQAWAB8AKAAyADUAOgA8AEUASwBSAF0AZQBsAG8AcQBzAHYAeAB6AHwAhgCTAJgAoAJiAmQCaQJyAn0CgQKPApYCnwK2ArsCvgLLAtAAAAAAAAACAQAAAAAAAAAoAAAAAAAAAAAAAAAAAAAC4g==}}

@article{bmpps_07,
	Author = {A. Basu and L. Mounier and M. Poulhies and J. Pulou and J. Sifakis},
	Date-Added = {2010-02-01 11:18:26 -0600},
	Date-Modified = {2010-02-01 11:19:28 -0600},
	Keywords = {BIP},
	Title = {Using BIP for Modeling and Verification of Networked Systems - A Case Study on TinyOS-based Networks},
	Year = {2007},
	Bdsk-File-1 = {YnBsaXN0MDDUAQIDBAUIJidUJHRvcFgkb2JqZWN0c1gkdmVyc2lvblkkYXJjaGl2ZXLRBgdUcm9vdIABqAkKFRYXGyIjVSRudWxs0wsMDQ4RFFpOUy5vYmplY3RzV05TLmtleXNWJGNsYXNzog8QgASABqISE4ACgAOAB1lhbGlhc0RhdGFccmVsYXRpdmVQYXRo0hgNGRpXTlMuZGF0YU8RAcoAAAAAAcoAAgAADE1hY2ludG9zaCBIRAAAAAAAAAAAAAAAAAAAAMT59JlIKwAAAINcxAxibXBwc18wNy5wZGYAAAAAAAAAAAAAAAAAAAAAAAAAAAAAAAAAAAAAAAAAAAAAAAAAAAAAAAAAAAAAAAAAAAAAg1zZxGQeNgAAAAAAAAAAAAEAAwAACSAAAAAAAAAAAAAAAAAAAAAKQmFja2dyb3VuZAAQAAgAAMT6OukAAAARAAgAAMRkZIYAAAABABgAg1zEAINcvwAOh6QACkqvAApKmAAAe9gAAgBVTWFjaW50b3NoIEhEOlVzZXJzOmdoZW1pbmd3YXk6RG9jdW1lbnRzOlJlc2VhcmNoOkRpc3NlcnRhdGlvbjpCYWNrZ3JvdW5kOmJtcHBzXzA3LnBkZgAADgAaAAwAYgBtAHAAcABzAF8AMAA3AC4AcABkAGYADwAaAAwATQBhAGMAaQBuAHQAbwBzAGgAIABIAEQAEgBIVXNlcnMvZ2hlbWluZ3dheS9Eb2N1bWVudHMvUmVzZWFyY2gvRGlzc2VydGF0aW9uL0JhY2tncm91bmQvYm1wcHNfMDcucGRmABMAAS8AABUAAgAR//8AAIAF0hwdHh9YJGNsYXNzZXNaJGNsYXNzbmFtZaMfICFdTlNNdXRhYmxlRGF0YVZOU0RhdGFYTlNPYmplY3RfEBdCYWNrZ3JvdW5kL2JtcHBzXzA3LnBkZtIcHSQloiUhXE5TRGljdGlvbmFyeRIAAYagXxAPTlNLZXllZEFyY2hpdmVyAAgAEQAWAB8AKAAyADUAOgA8AEUASwBSAF0AZQBsAG8AcQBzAHYAeAB6AHwAhgCTAJgAoAJuAnACdQJ+AokCjQKbAqICqwLFAsoCzQLaAt8AAAAAAAACAQAAAAAAAAAoAAAAAAAAAAAAAAAAAAAC8Q==}}

@manual{bipUserManual,
	Author = {A. Basu},
	Date-Added = {2010-02-01 11:17:34 -0600},
	Date-Modified = {2010-02-01 11:18:21 -0600},
	Keywords = {BIP},
	Organization = {VERIMAG},
	Title = {BIP2 User Manual},
	Year = {2009},
	Bdsk-File-1 = {YnBsaXN0MDDUAQIDBAUIJidUJHRvcFgkb2JqZWN0c1gkdmVyc2lvblkkYXJjaGl2ZXLRBgdUcm9vdIABqAkKFRYXGyIjVSRudWxs0wsMDQ4RFFpOUy5vYmplY3RzV05TLmtleXNWJGNsYXNzog8QgASABqISE4ACgAOAB1lhbGlhc0RhdGFccmVsYXRpdmVQYXRo0hgNGRpXTlMuZGF0YU8RAeIAAAAAAeIAAgAADE1hY2ludG9zaCBIRAAAAAAAAAAAAAAAAAAAAMT59JlIKwAAAINcxBJiaXAyVXNlck1hbnVhbC5wZGYAAAAAAAAAAAAAAAAAAAAAAAAAAAAAAAAAAAAAAAAAAAAAAAAAAAAAAAAAAAAAg1zQxrGypwAAAAAAAAAAAAEAAwAACSAAAAAAAAAAAAAAAAAAAAAKQmFja2dyb3VuZAAQAAgAAMT6OukAAAARAAgAAMax+PcAAAABABgAg1zEAINcvwAOh6QACkqvAApKmAAAe9gAAgBbTWFjaW50b3NoIEhEOlVzZXJzOmdoZW1pbmd3YXk6RG9jdW1lbnRzOlJlc2VhcmNoOkRpc3NlcnRhdGlvbjpCYWNrZ3JvdW5kOmJpcDJVc2VyTWFudWFsLnBkZgAADgAmABIAYgBpAHAAMgBVAHMAZQByAE0AYQBuAHUAYQBsAC4AcABkAGYADwAaAAwATQBhAGMAaQBuAHQAbwBzAGgAIABIAEQAEgBOVXNlcnMvZ2hlbWluZ3dheS9Eb2N1bWVudHMvUmVzZWFyY2gvRGlzc2VydGF0aW9uL0JhY2tncm91bmQvYmlwMlVzZXJNYW51YWwucGRmABMAAS8AABUAAgAR//8AAIAF0hwdHh9YJGNsYXNzZXNaJGNsYXNzbmFtZaMfICFdTlNNdXRhYmxlRGF0YVZOU0RhdGFYTlNPYmplY3RfEB1CYWNrZ3JvdW5kL2JpcDJVc2VyTWFudWFsLnBkZtIcHSQloiUhXE5TRGljdGlvbmFyeRIAAYagXxAPTlNLZXllZEFyY2hpdmVyAAgAEQAWAB8AKAAyADUAOgA8AEUASwBSAF0AZQBsAG8AcQBzAHYAeAB6AHwAhgCTAJgAoAKGAogCjQKWAqECpQKzAroCwwLjAugC6wL4Av0AAAAAAAACAQAAAAAAAAAoAAAAAAAAAAAAAAAAAAADDw==}}

@article{bgoos_04,
	Author = {M. Bozga and S. Graf and Ileana Ober and Iulian Ober and J. Sifakis},
	Date-Added = {2010-02-01 11:16:34 -0600},
	Date-Modified = {2010-02-01 11:17:27 -0600},
	Keywords = {BIP},
	Title = {The IF Toolset},
	Year = {2004},
	Bdsk-File-1 = {YnBsaXN0MDDUAQIDBAUIJidUJHRvcFgkb2JqZWN0c1gkdmVyc2lvblkkYXJjaGl2ZXLRBgdUcm9vdIABqAkKFRYXGyIjVSRudWxs0wsMDQ4RFFpOUy5vYmplY3RzV05TLmtleXNWJGNsYXNzog8QgASABqISE4ACgAOAB1lhbGlhc0RhdGFccmVsYXRpdmVQYXRo0hgNGRpXTlMuZGF0YU8RAcoAAAAAAcoAAgAADE1hY2ludG9zaCBIRAAAAAAAAAAAAAAAAAAAAMT59JlIKwAAAINcxAxiZ29vc18wNC5wZGYAAAAAAAAAAAAAAAAAAAAAAAAAAAAAAAAAAAAAAAAAAAAAAAAAAAAAAAAAAAAAAAAAAAAAg1zPvdtbfQAAAAAAAAAAAAEAAwAACSAAAAAAAAAAAAAAAAAAAAAKQmFja2dyb3VuZAAQAAgAAMT6OukAAAARAAgAAL3br90AAAABABgAg1zEAINcvwAOh6QACkqvAApKmAAAe9gAAgBVTWFjaW50b3NoIEhEOlVzZXJzOmdoZW1pbmd3YXk6RG9jdW1lbnRzOlJlc2VhcmNoOkRpc3NlcnRhdGlvbjpCYWNrZ3JvdW5kOmJnb29zXzA0LnBkZgAADgAaAAwAYgBnAG8AbwBzAF8AMAA0AC4AcABkAGYADwAaAAwATQBhAGMAaQBuAHQAbwBzAGgAIABIAEQAEgBIVXNlcnMvZ2hlbWluZ3dheS9Eb2N1bWVudHMvUmVzZWFyY2gvRGlzc2VydGF0aW9uL0JhY2tncm91bmQvYmdvb3NfMDQucGRmABMAAS8AABUAAgAR//8AAIAF0hwdHh9YJGNsYXNzZXNaJGNsYXNzbmFtZaMfICFdTlNNdXRhYmxlRGF0YVZOU0RhdGFYTlNPYmplY3RfEBdCYWNrZ3JvdW5kL2Jnb29zXzA0LnBkZtIcHSQloiUhXE5TRGljdGlvbmFyeRIAAYagXxAPTlNLZXllZEFyY2hpdmVyAAgAEQAWAB8AKAAyADUAOgA8AEUASwBSAF0AZQBsAG8AcQBzAHYAeAB6AHwAhgCTAJgAoAJuAnACdQJ+AokCjQKbAqICqwLFAsoCzQLaAt8AAAAAAAACAQAAAAAAAAAoAAAAAAAAAAAAAAAAAAAC8Q==}}

@article{benveniste_10,
	Author = {A. Benveniste},
	Date-Added = {2010-02-01 11:15:25 -0600},
	Date-Modified = {2010-02-01 11:16:28 -0600},
	Keywords = {TTA},
	Title = {Loosely Time-Triggered Architectures for Cyber-Physical Systems},
	Year = {2010},
	Bdsk-File-1 = {YnBsaXN0MDDUAQIDBAUIJidUJHRvcFgkb2JqZWN0c1gkdmVyc2lvblkkYXJjaGl2ZXLRBgdUcm9vdIABqAkKFRYXGyIjVSRudWxs0wsMDQ4RFFpOUy5vYmplY3RzV05TLmtleXNWJGNsYXNzog8QgASABqISE4ACgAOAB1lhbGlhc0RhdGFccmVsYXRpdmVQYXRo0hgNGRpXTlMuZGF0YU8RAd4AAAAAAd4AAgAADE1hY2ludG9zaCBIRAAAAAAAAAAAAAAAAAAAAMT59JlIKwAAAINcxBFiZW52ZW5pc3RlXzEwLnBkZgAAAAAAAAAAAAAAAAAAAAAAAAAAAAAAAAAAAAAAAAAAAAAAAAAAAAAAAAAAAAAAgPLix2zI4gAAAAAAAAAAAAEAAwAACSAAAAAAAAAAAAAAAAAAAAAKQmFja2dyb3VuZAAQAAgAAMT6OukAAAARAAgAAMdtHUIAAAABABgAg1zEAINcvwAOh6QACkqvAApKmAAAe9gAAgBaTWFjaW50b3NoIEhEOlVzZXJzOmdoZW1pbmd3YXk6RG9jdW1lbnRzOlJlc2VhcmNoOkRpc3NlcnRhdGlvbjpCYWNrZ3JvdW5kOmJlbnZlbmlzdGVfMTAucGRmAA4AJAARAGIAZQBuAHYAZQBuAGkAcwB0AGUAXwAxADAALgBwAGQAZgAPABoADABNAGEAYwBpAG4AdABvAHMAaAAgAEgARAASAE1Vc2Vycy9naGVtaW5nd2F5L0RvY3VtZW50cy9SZXNlYXJjaC9EaXNzZXJ0YXRpb24vQmFja2dyb3VuZC9iZW52ZW5pc3RlXzEwLnBkZgAAEwABLwAAFQACABH//wAAgAXSHB0eH1gkY2xhc3Nlc1okY2xhc3NuYW1lox8gIV1OU011dGFibGVEYXRhVk5TRGF0YVhOU09iamVjdF8QHEJhY2tncm91bmQvYmVudmVuaXN0ZV8xMC5wZGbSHB0kJaIlIVxOU0RpY3Rpb25hcnkSAAGGoF8QD05TS2V5ZWRBcmNoaXZlcgAIABEAFgAfACgAMgA1ADoAPABFAEsAUgBdAGUAbABvAHEAcwB2AHgAegB8AIYAkwCYAKACggKEAokCkgKdAqECrwK2Ar8C3gLjAuYC8wL4AAAAAAAAAgEAAAAAAAAAKAAAAAAAAAAAAAAAAAAAAwo=}}

@article{bcgmtt_02,
	Author = {A. Benveniste and P. Caspi and P. Le Geurnic and H. Marchand and J. Talpin and S. Tripakis},
	Date-Added = {2010-02-01 11:14:03 -0600},
	Date-Modified = {2010-02-01 11:15:07 -0600},
	Keywords = {TTA},
	Title = {A Protocal for Loosely Time-Triggered Architectures},
	Year = {2002},
	Bdsk-File-1 = {YnBsaXN0MDDUAQIDBAUIJidUJHRvcFgkb2JqZWN0c1gkdmVyc2lvblkkYXJjaGl2ZXLRBgdUcm9vdIABqAkKFRYXGyIjVSRudWxs0wsMDQ4RFFpOUy5vYmplY3RzV05TLmtleXNWJGNsYXNzog8QgASABqISE4ACgAOAB1lhbGlhc0RhdGFccmVsYXRpdmVQYXRo0hgNGRpXTlMuZGF0YU8RAc4AAAAAAc4AAgAADE1hY2ludG9zaCBIRAAAAAAAAAAAAAAAAAAAAMT59JlIKwAAAINcxA1iY2dtdHRfMDIucGRmAAAAAAAAAAAAAAAAAAAAAAAAAAAAAAAAAAAAAAAAAAAAAAAAAAAAAAAAAAAAAAAAAAAAgQcPx3CpiwAAAAAAAAAAAAEAAwAACSAAAAAAAAAAAAAAAAAAAAAKQmFja2dyb3VuZAAQAAgAAMT6OukAAAARAAgAAMdw/esAAAABABgAg1zEAINcvwAOh6QACkqvAApKmAAAe9gAAgBWTWFjaW50b3NoIEhEOlVzZXJzOmdoZW1pbmd3YXk6RG9jdW1lbnRzOlJlc2VhcmNoOkRpc3NlcnRhdGlvbjpCYWNrZ3JvdW5kOmJjZ210dF8wMi5wZGYADgAcAA0AYgBjAGcAbQB0AHQAXwAwADIALgBwAGQAZgAPABoADABNAGEAYwBpAG4AdABvAHMAaAAgAEgARAASAElVc2Vycy9naGVtaW5nd2F5L0RvY3VtZW50cy9SZXNlYXJjaC9EaXNzZXJ0YXRpb24vQmFja2dyb3VuZC9iY2dtdHRfMDIucGRmAAATAAEvAAAVAAIAEf//AACABdIcHR4fWCRjbGFzc2VzWiRjbGFzc25hbWWjHyAhXU5TTXV0YWJsZURhdGFWTlNEYXRhWE5TT2JqZWN0XxAYQmFja2dyb3VuZC9iY2dtdHRfMDIucGRm0hwdJCWiJSFcTlNEaWN0aW9uYXJ5EgABhqBfEA9OU0tleWVkQXJjaGl2ZXIACAARABYAHwAoADIANQA6ADwARQBLAFIAXQBlAGwAbwBxAHMAdgB4AHoAfACGAJMAmACgAnICdAJ5AoICjQKRAp8CpgKvAsoCzwLSAt8C5AAAAAAAAAIBAAAAAAAAACgAAAAAAAAAAAAAAAAAAAL2}}

@article{bc_05,
	Author = {L. Bernard and M. Craglia},
	Date-Added = {2010-02-01 11:13:14 -0600},
	Date-Modified = {2010-02-01 11:13:59 -0600},
	Keywords = {Simulation},
	Title = {SDI - From Spatial Data Infrastructure to Service Driven Infrastructure},
	Year = {2005},
	Bdsk-File-1 = {YnBsaXN0MDDUAQIDBAUIJidUJHRvcFgkb2JqZWN0c1gkdmVyc2lvblkkYXJjaGl2ZXLRBgdUcm9vdIABqAkKFRYXGyIjVSRudWxs0wsMDQ4RFFpOUy5vYmplY3RzV05TLmtleXNWJGNsYXNzog8QgASABqISE4ACgAOAB1lhbGlhc0RhdGFccmVsYXRpdmVQYXRo0hgNGRpXTlMuZGF0YU8RAb4AAAAAAb4AAgAADE1hY2ludG9zaCBIRAAAAAAAAAAAAAAAAAAAAMT59JlIKwAAAINcxAliY18wNS5wZGYAAAAAAAAAAAAAAAAAAAAAAAAAAAAAAAAAAAAAAAAAAAAAAAAAAAAAAAAAAAAAAAAAAAAAAAAAg1zYxiRpJQAAAAAAAAAAAAEAAwAACSAAAAAAAAAAAAAAAAAAAAAKQmFja2dyb3VuZAAQAAgAAMT6OukAAAARAAgAAMYkr3UAAAABABgAg1zEAINcvwAOh6QACkqvAApKmAAAe9gAAgBSTWFjaW50b3NoIEhEOlVzZXJzOmdoZW1pbmd3YXk6RG9jdW1lbnRzOlJlc2VhcmNoOkRpc3NlcnRhdGlvbjpCYWNrZ3JvdW5kOmJjXzA1LnBkZgAOABQACQBiAGMAXwAwADUALgBwAGQAZgAPABoADABNAGEAYwBpAG4AdABvAHMAaAAgAEgARAASAEVVc2Vycy9naGVtaW5nd2F5L0RvY3VtZW50cy9SZXNlYXJjaC9EaXNzZXJ0YXRpb24vQmFja2dyb3VuZC9iY18wNS5wZGYAABMAAS8AABUAAgAR//8AAIAF0hwdHh9YJGNsYXNzZXNaJGNsYXNzbmFtZaMfICFdTlNNdXRhYmxlRGF0YVZOU0RhdGFYTlNPYmplY3RfEBRCYWNrZ3JvdW5kL2JjXzA1LnBkZtIcHSQloiUhXE5TRGljdGlvbmFyeRIAAYagXxAPTlNLZXllZEFyY2hpdmVyAAgAEQAWAB8AKAAyADUAOgA8AEUASwBSAF0AZQBsAG8AcQBzAHYAeAB6AHwAhgCTAJgAoAJiAmQCaQJyAn0CgQKPApYCnwK2ArsCvgLLAtAAAAAAAAACAQAAAAAAAAAoAAAAAAAAAAAAAAAAAAAC4g==}}

@conference{bbs_06,
	Author = {A. Basu and M. Bozga and J. Sifakis},
	Booktitle = {SEFM},
	Date-Added = {2010-02-01 11:12:23 -0600},
	Date-Modified = {2010-02-12 10:28:33 -0600},
	Keywords = {BIP},
	Pages = {3--12},
	Title = {Modeling Heterogeneous Real-Time Components in BIP},
	Volume = {6},
	Year = {2006},
	Bdsk-File-1 = {YnBsaXN0MDDUAQIDBAUIJidUJHRvcFgkb2JqZWN0c1gkdmVyc2lvblkkYXJjaGl2ZXLRBgdUcm9vdIABqAkKFRYXGyIjVSRudWxs0wsMDQ4RFFpOUy5vYmplY3RzV05TLmtleXNWJGNsYXNzog8QgASABqISE4ACgAOAB1lhbGlhc0RhdGFccmVsYXRpdmVQYXRo0hgNGRpXTlMuZGF0YU8RAcIAAAAAAcIAAgAADE1hY2ludG9zaCBIRAAAAAAAAAAAAAAAAAAAAMT59JlIKwAAAINcxApiYnNfMDYucGRmAAAAAAAAAAAAAAAAAAAAAAAAAAAAAAAAAAAAAAAAAAAAAAAAAAAAAAAAAAAAAAAAAAAAAAAAg1zXxGQeNAAAAAAAAAAAAAEAAwAACSAAAAAAAAAAAAAAAAAAAAAKQmFja2dyb3VuZAAQAAgAAMT6OukAAAARAAgAAMRkZIQAAAABABgAg1zEAINcvwAOh6QACkqvAApKmAAAe9gAAgBTTWFjaW50b3NoIEhEOlVzZXJzOmdoZW1pbmd3YXk6RG9jdW1lbnRzOlJlc2VhcmNoOkRpc3NlcnRhdGlvbjpCYWNrZ3JvdW5kOmJic18wNi5wZGYAAA4AFgAKAGIAYgBzAF8AMAA2AC4AcABkAGYADwAaAAwATQBhAGMAaQBuAHQAbwBzAGgAIABIAEQAEgBGVXNlcnMvZ2hlbWluZ3dheS9Eb2N1bWVudHMvUmVzZWFyY2gvRGlzc2VydGF0aW9uL0JhY2tncm91bmQvYmJzXzA2LnBkZgATAAEvAAAVAAIAEf//AACABdIcHR4fWCRjbGFzc2VzWiRjbGFzc25hbWWjHyAhXU5TTXV0YWJsZURhdGFWTlNEYXRhWE5TT2JqZWN0XxAVQmFja2dyb3VuZC9iYnNfMDYucGRm0hwdJCWiJSFcTlNEaWN0aW9uYXJ5EgABhqBfEA9OU0tleWVkQXJjaGl2ZXIACAARABYAHwAoADIANQA6ADwARQBLAFIAXQBlAGwAbwBxAHMAdgB4AHoAfACGAJMAmACgAmYCaAJtAnYCgQKFApMCmgKjArsCwALDAtAC1QAAAAAAAAIBAAAAAAAAACgAAAAAAAAAAAAAAAAAAALn}}

@phdthesis{basu_08,
	Author = {Ananda Basu},
	Date-Added = {2010-02-01 11:11:29 -0600},
	Date-Modified = {2010-02-01 11:12:13 -0600},
	Keywords = {BIP},
	School = {VERIMAG},
	Title = {Component-based Modeling of Heterogeneous Real Time Systems in BIP},
	Year = {2008},
	Bdsk-File-1 = {YnBsaXN0MDDUAQIDBAUIJidUJHRvcFgkb2JqZWN0c1gkdmVyc2lvblkkYXJjaGl2ZXLRBgdUcm9vdIABqAkKFRYXGyIjVSRudWxs0wsMDQ4RFFpOUy5vYmplY3RzV05TLmtleXNWJGNsYXNzog8QgASABqISE4ACgAOAB1lhbGlhc0RhdGFccmVsYXRpdmVQYXRo0hgNGRpXTlMuZGF0YU8RAcYAAAAAAcYAAgAADE1hY2ludG9zaCBIRAAAAAAAAAAAAAAAAAAAAMT59JlIKwAAAINcxAtiYXN1XzA4LnBkZgAAAAAAAAAAAAAAAAAAAAAAAAAAAAAAAAAAAAAAAAAAAAAAAAAAAAAAAAAAAAAAAAAAAAAAg1zNxkAGOwAAAAAAAAAAAAEAAwAACSAAAAAAAAAAAAAAAAAAAAAKQmFja2dyb3VuZAAQAAgAAMT6OukAAAARAAgAAMZATIsAAAABABgAg1zEAINcvwAOh6QACkqvAApKmAAAe9gAAgBUTWFjaW50b3NoIEhEOlVzZXJzOmdoZW1pbmd3YXk6RG9jdW1lbnRzOlJlc2VhcmNoOkRpc3NlcnRhdGlvbjpCYWNrZ3JvdW5kOmJhc3VfMDgucGRmAA4AGAALAGIAYQBzAHUAXwAwADgALgBwAGQAZgAPABoADABNAGEAYwBpAG4AdABvAHMAaAAgAEgARAASAEdVc2Vycy9naGVtaW5nd2F5L0RvY3VtZW50cy9SZXNlYXJjaC9EaXNzZXJ0YXRpb24vQmFja2dyb3VuZC9iYXN1XzA4LnBkZgAAEwABLwAAFQACABH//wAAgAXSHB0eH1gkY2xhc3Nlc1okY2xhc3NuYW1lox8gIV1OU011dGFibGVEYXRhVk5TRGF0YVhOU09iamVjdF8QFkJhY2tncm91bmQvYmFzdV8wOC5wZGbSHB0kJaIlIVxOU0RpY3Rpb25hcnkSAAGGoF8QD05TS2V5ZWRBcmNoaXZlcgAIABEAFgAfACgAMgA1ADoAPABFAEsAUgBdAGUAbABvAHEAcwB2AHgAegB8AIYAkwCYAKACagJsAnECegKFAokClwKeAqcCwALFAsgC1QLaAAAAAAAAAgEAAAAAAAAAKAAAAAAAAAAAAAAAAAAAAuw=}}

@article{barros_08,
	Author = {F. Barros},
	Date-Added = {2010-02-01 11:10:52 -0600},
	Date-Modified = {2010-02-01 11:11:25 -0600},
	Keywords = {Simulation},
	Title = {A Formal Definition of Dynamic Structure Hybrid Simulation Models},
	Year = {2008},
	Bdsk-File-1 = {YnBsaXN0MDDUAQIDBAUIJidUJHRvcFgkb2JqZWN0c1gkdmVyc2lvblkkYXJjaGl2ZXLRBgdUcm9vdIABqAkKFRYXGyIjVSRudWxs0wsMDQ4RFFpOUy5vYmplY3RzV05TLmtleXNWJGNsYXNzog8QgASABqISE4ACgAOAB1lhbGlhc0RhdGFccmVsYXRpdmVQYXRo0hgNGRpXTlMuZGF0YU8RAc4AAAAAAc4AAgAADE1hY2ludG9zaCBIRAAAAAAAAAAAAAAAAAAAAMT59JlIKwAAAINcxA1iYXJyb3NfMDgucGRmAAAAAAAAAAAAAAAAAAAAAAAAAAAAAAAAAAAAAAAAAAAAAAAAAAAAAAAAAAAAAAAAAAAAg1zpxPVt1AAAAAAAAAAAAAEAAwAACSAAAAAAAAAAAAAAAAAAAAAKQmFja2dyb3VuZAAQAAgAAMT6OukAAAARAAgAAMT1tCQAAAABABgAg1zEAINcvwAOh6QACkqvAApKmAAAe9gAAgBWTWFjaW50b3NoIEhEOlVzZXJzOmdoZW1pbmd3YXk6RG9jdW1lbnRzOlJlc2VhcmNoOkRpc3NlcnRhdGlvbjpCYWNrZ3JvdW5kOmJhcnJvc18wOC5wZGYADgAcAA0AYgBhAHIAcgBvAHMAXwAwADgALgBwAGQAZgAPABoADABNAGEAYwBpAG4AdABvAHMAaAAgAEgARAASAElVc2Vycy9naGVtaW5nd2F5L0RvY3VtZW50cy9SZXNlYXJjaC9EaXNzZXJ0YXRpb24vQmFja2dyb3VuZC9iYXJyb3NfMDgucGRmAAATAAEvAAAVAAIAEf//AACABdIcHR4fWCRjbGFzc2VzWiRjbGFzc25hbWWjHyAhXU5TTXV0YWJsZURhdGFWTlNEYXRhWE5TT2JqZWN0XxAYQmFja2dyb3VuZC9iYXJyb3NfMDgucGRm0hwdJCWiJSFcTlNEaWN0aW9uYXJ5EgABhqBfEA9OU0tleWVkQXJjaGl2ZXIACAARABYAHwAoADIANQA6ADwARQBLAFIAXQBlAGwAbwBxAHMAdgB4AHoAfACGAJMAmACgAnICdAJ5AoICjQKRAp8CpgKvAsoCzwLSAt8C5AAAAAAAAAIBAAAAAAAAACgAAAAAAAAAAAAAAAAAAAL2}}

@article{arbab_03,
	Author = {F. Arbab},
	Date-Added = {2010-02-01 11:09:29 -0600},
	Date-Modified = {2010-02-01 11:10:38 -0600},
	Institution = {CWI},
	Keywords = {Composition},
	Title = {Abstract Behavior Types: A Foundation Model for Components and Their Composition},
	Year = {2003},
	Bdsk-File-1 = {YnBsaXN0MDDUAQIDBAUIJidUJHRvcFgkb2JqZWN0c1gkdmVyc2lvblkkYXJjaGl2ZXLRBgdUcm9vdIABqAkKFRYXGyIjVSRudWxs0wsMDQ4RFFpOUy5vYmplY3RzV05TLmtleXNWJGNsYXNzog8QgASABqISE4ACgAOAB1lhbGlhc0RhdGFccmVsYXRpdmVQYXRo0hgNGRpXTlMuZGF0YU8RAcoAAAAAAcoAAgAADE1hY2ludG9zaCBIRAAAAAAAAAAAAAAAAAAAAMT59JlIKwAAAINcxAxhcmJhYl8wMy5wZGYAAAAAAAAAAAAAAAAAAAAAAAAAAAAAAAAAAAAAAAAAAAAAAAAAAAAAAAAAAAAAAAAAAAAAg1zUxkAJewAAAAAAAAAAAAEAAwAACSAAAAAAAAAAAAAAAAAAAAAKQmFja2dyb3VuZAAQAAgAAMT6OukAAAARAAgAAMZAT8sAAAABABgAg1zEAINcvwAOh6QACkqvAApKmAAAe9gAAgBVTWFjaW50b3NoIEhEOlVzZXJzOmdoZW1pbmd3YXk6RG9jdW1lbnRzOlJlc2VhcmNoOkRpc3NlcnRhdGlvbjpCYWNrZ3JvdW5kOmFyYmFiXzAzLnBkZgAADgAaAAwAYQByAGIAYQBiAF8AMAAzAC4AcABkAGYADwAaAAwATQBhAGMAaQBuAHQAbwBzAGgAIABIAEQAEgBIVXNlcnMvZ2hlbWluZ3dheS9Eb2N1bWVudHMvUmVzZWFyY2gvRGlzc2VydGF0aW9uL0JhY2tncm91bmQvYXJiYWJfMDMucGRmABMAAS8AABUAAgAR//8AAIAF0hwdHh9YJGNsYXNzZXNaJGNsYXNzbmFtZaMfICFdTlNNdXRhYmxlRGF0YVZOU0RhdGFYTlNPYmplY3RfEBdCYWNrZ3JvdW5kL2FyYmFiXzAzLnBkZtIcHSQloiUhXE5TRGljdGlvbmFyeRIAAYagXxAPTlNLZXllZEFyY2hpdmVyAAgAEQAWAB8AKAAyADUAOgA8AEUASwBSAF0AZQBsAG8AcQBzAHYAeAB6AHwAhgCTAJgAoAJuAnACdQJ+AokCjQKbAqICqwLFAsoCzQLaAt8AAAAAAAACAQAAAAAAAAAoAAAAAAAAAAAAAAAAAAAC8Q==}}

@article{agi_98,
	Author = {R. Allen and D. Garlan and J. Ivers},
	Date-Added = {2010-02-01 11:08:13 -0600},
	Date-Modified = {2010-02-01 11:15:20 -0600},
	Keywords = {HLA},
	Title = {Formal Modeling and Analysis of the HLA Component Integration Standard},
	Year = {1998},
	Bdsk-File-1 = {YnBsaXN0MDDUAQIDBAUIJidUJHRvcFgkb2JqZWN0c1gkdmVyc2lvblkkYXJjaGl2ZXLRBgdUcm9vdIABqAkKFRYXGyIjVSRudWxs0wsMDQ4RFFpOUy5vYmplY3RzV05TLmtleXNWJGNsYXNzog8QgASABqISE4ACgAOAB1lhbGlhc0RhdGFccmVsYXRpdmVQYXRo0hgNGRpXTlMuZGF0YU8RAcIAAAAAAcIAAgAADE1hY2ludG9zaCBIRAAAAAAAAAAAAAAAAAAAAMT59JlIKwAAAINcxAphZ2lfOTgucGRmAAAAAAAAAAAAAAAAAAAAAAAAAAAAAAAAAAAAAAAAAAAAAAAAAAAAAAAAAAAAAAAAAAAAAAAAg1zSxr6Z3wAAAAAAAAAAAAEAAwAACSAAAAAAAAAAAAAAAAAAAAAKQmFja2dyb3VuZAAQAAgAAMT6OukAAAARAAgAAMa+4C8AAAABABgAg1zEAINcvwAOh6QACkqvAApKmAAAe9gAAgBTTWFjaW50b3NoIEhEOlVzZXJzOmdoZW1pbmd3YXk6RG9jdW1lbnRzOlJlc2VhcmNoOkRpc3NlcnRhdGlvbjpCYWNrZ3JvdW5kOmFnaV85OC5wZGYAAA4AFgAKAGEAZwBpAF8AOQA4AC4AcABkAGYADwAaAAwATQBhAGMAaQBuAHQAbwBzAGgAIABIAEQAEgBGVXNlcnMvZ2hlbWluZ3dheS9Eb2N1bWVudHMvUmVzZWFyY2gvRGlzc2VydGF0aW9uL0JhY2tncm91bmQvYWdpXzk4LnBkZgATAAEvAAAVAAIAEf//AACABdIcHR4fWCRjbGFzc2VzWiRjbGFzc25hbWWjHyAhXU5TTXV0YWJsZURhdGFWTlNEYXRhWE5TT2JqZWN0XxAVQmFja2dyb3VuZC9hZ2lfOTgucGRm0hwdJCWiJSFcTlNEaWN0aW9uYXJ5EgABhqBfEA9OU0tleWVkQXJjaGl2ZXIACAARABYAHwAoADIANQA6ADwARQBLAFIAXQBlAGwAbwBxAHMAdgB4AHoAfACGAJMAmACgAmYCaAJtAnYCgQKFApMCmgKjArsCwALDAtAC1QAAAAAAAAIBAAAAAAAAACgAAAAAAAAAAAAAAAAAAALn}}

@book{zpk_00,
	Author = {B. Zeigler and H. Praehofer and T. Gon Kim},
	Date-Added = {2010-02-01 09:19:12 -0600},
	Date-Modified = {2010-02-01 11:06:27 -0600},
	Edition = {Second},
	Keywords = {Modeling},
	Publisher = {Academic Press},
	Title = {Theory of Modeling and Simulation},
	Year = {2000}}

@book{kopetz_97,
	Author = {H. Kopetz},
	Date-Added = {2010-02-01 09:17:49 -0600},
	Date-Modified = {2010-02-01 11:06:17 -0600},
	Keywords = {TTA},
	Publisher = {Springer},
	Title = {Real-time systems: design principles for distributed embedded applications},
	Year = {1997}}
