
%
%  $Description: Sample bibliography$
%
%  $Author: ienne $
%  $Date: 1995/09/15 15:19:53 $
%  $Revision: 1.3 $
%

@article{tinyos,
    author = "P. Levis and S. Madden and J. Polastre and R. Szewczyk and K. Whitehouse and A. Woo and D. Gay and J. Hill and M. Welsh and E. Brewer and D. Culler",
    title = "TinyOS: An operating system for wireless sensor networks",
    journal = "Ambient Intelligence, Sprinter-Verlag",
    year = 2005,
}

@article{kopetz:2001-22,
  author =       "Hermann Kopetz and G{\"u}nther Bauer",
  title =        "The Time-Triggered Architecture",
  journal =      "Proceedings of the {IEEE}, Special Issue on Modeling and Design of Embedded Software",
  year =         "2001",
  month =        "Oct",
  url = "citeseer.ist.psu.edu/kopetz88timetriggered.html" }

@misc{xilinx:ise,
    title   = "{Xilinx ISE HDL Design Environment}",
    howpublished = "http://www.xilinx.com/",
    }

@misc{isis:gme,
        title       = "{Generic Modeling Environment}",
        howpublished = "http://repo.isis.vanderbilt.edu/"
        }

@article{isis:great,
    author = "{Aditya Agrawal, Gabor Karsai, Sandeep Neema, Feng Shi, Attila Vizhanyo}",
    title = "The Design of a  Language for Model Transformations",
    journal = "Journal on Software and System Modeling",
    year = "2006",
    month = "Sep",
    pages = "{261-288}",
    volume = "5",
    number = "3"
        }

@misc{gecode,
        title       = "{Generic Constraint Development Environment}",
        howpublished = "http://www.gecode.org/"
        }

@misc{kc:xuml,
        title   = "{Kennedy-Carter Excecutable UML (xUML)}",
        howpublished = "http://www.kc.com/xuml.php"
        }

@misc{mathworks:tools,
        title       = "{Mathworks Simulink/Stateflow Tools}",
        howpublished = "http://www.mathworks.com"
        }

@misc{ucb:ptolemy2,
    title   = "{UCB Ptolemy II}",
    howpublished = "http://ptolemy.berkeley.edu/ptolemyII/"
    }

@inproceedings{ZhouLeungLee2007,
    author = "{Gang Zhou, Man-Kit Leung, and Edward A. Lee}",
    title = "{A Code Generation Framework for Actor-Oriented
              Models with Partial Evaluation}",
    booktitle = "{Proceedings of International Conference on
              Embedded Software and Systems 2007, LNCS 4523}",
    editor = "{Y.-H. Lee et al.}",
    pages = {786-799},
    month = {May},
    year = {2007},
    URL = {http://chess.eecs.berkeley.edu/pubs/251.html}
}

@article{ sw:offlinescheduling,
    author =            "K. Schild and J. W{\"u}rtz",
    title =             "Scheduling of Time-Triggered Real-Time Systems",
    journal =           "Constraints",
    volume =            "5",
    number =            "4",
    year =              "2000",
    month =             "Oct.",
    pages =             "335-357",
    publisher =     "Kluwer Academic Publishers"
    }

@article{ kopetz:2000-23,
  author =       "Hermann Kopetz and Michael Holzmann and Wilfried Elmenreich",
  title =        "A Universal Smart Transducer Interface: TTP/A",
  journal =      "International Journal of Computer System, Science, and Engineering",
  volume =       "16",
  number =       "2",
  year =         "2001",
  month =        "Mar.",
  url = "citeseer.ist.psu.edu/kopetz00universal.html" }

@article{henzinger01giotto,
    author =            "Thomas A. Henzinger and Benjamin Horowitz and Christoph Meyer Kirsch",
    title =             "Giotto: {A} Time-Triggered Language for Embedded Programming",
    journal =       "Lecture Notes in Computer Science",
    volume =            "2211",
    pages =             "166--??",
    year =              "2001",
    url = "citeseer.ist.psu.edu/henzinger00giotto.html" }

@incollection{HenSif:2006,
        author="T.A. Henzinger and J. Sifakis",
        title="The embedded systems design challenge",
        booktitle="FM: Formal Methods",
    series="Lecture Notes in Computer Science 4085",
    publisher="Springer",
        year="2006",
        pages="1--15"
        }

@misc{altera:quartus,
    title   = "{Altera Quartus HDL Design Environment}",
    howpublished = "http://www.altera.com/",
    }

@misc{gcc,
    title = "{GCC, the GNU Compiler Collection}",
    howpublished = "http://gcc.gnu.org/",
    }

@book{stateflow,
    author="The Mathworks, Inc.",
    title="Stateflow and Stateflow Coder 7 User's Guide",
    publisher="The Mathworks, Inc.",
    year="2007"
    }

@book{harel:statecharts,
    author="{D. Harel and M. Politi}",
    title = "{Modeling Reactive Systems with Statecharts: The STATEMATE Approach}",
    publisher ="McGraw-Hill",
    year="1998"
    }

@article{alberto:2002,
    author = "{Sangiovanni-Vincentelli, A.}",
    title = "{Defining Platform-based Design}",
    journal = "{EEDesign of EETimes}",
    month = "{February}",
    year = {2002},
    URL = {http://www.gigascale.org/pubs/141.html}
}

@techreport{Lee:M97/11,
    Author = {Edward A. Lee and Alberto L. Sangiovanni-Vincentelli},
    Title = {A Denotational Framework for Comparing Models of Computation},
    Institution = {EECS Department, University of California, Berkeley},
    Year = {1997},
    URL = {http://www.eecs.berkeley.edu/Pubs/TechRpts/1997/3183.html},
    Number = {UCB/ERL M97/11}
}

@techreport{KS:ISIS-04-505,
		Author = {Sandeep Neema and Gabor Karsai},
		Title = {Embedded Control Systems Language for Distributed Processing (ECSL-DP)},
		Institution = {Institute for Software Integrated Systems, Vanderbilt University},
		Year = {2004},
		URL = {http://www.isis.vanderbilt.edu/publications/archive/Neema_S_5_12_2004_Embedded_C.pdf},
		Number = {ISIS-04-505}
}

@inproceedings{ananth:2006,
    author = "{A. Narayanan and G. Karsai}",
    title = "{Towards verifying model transformations}",
    booktitle = "{5th International Workshop on Graph
                  Transformation and Visual Modeling Techniques, 2006, Vienna, Austria}",
    editor = "{R. Bruni and D. Varró}",
    pages = {185–194},
    month = {Apr},
    year = {2006},
}
