% ------------More Stuff (Joe P.)----------------------------

@INPROCEEDINGS{quad:starmac,
  AUTHOR = {Hoffmann, Gabriel and Rajnarayan, Dev Gorur and Waslander, Steven L. and Dostal, David and Jang, Jung Soon and  Tomlin, Claire J.},
  TITLE = {The Stanford Testbed of Autonomous ROtorcraft for Multi-Agent Control},
  BOOKTITLE = {the Digital Avionics System Conference 2004},
  YEAR = {2004},
  MONTH = {November},
  ADDRESS = {Salt Lake City, UT},
  URL = {pubs/DASC_2004.pdf}
}

@INPROCEEDINGS{quad:starmacdyn,
  AUTHOR = {Gabriel M. Hoffmann and Haomiao Huang and Steven L. Waslander and Claire J. Tomlin},
  TITLE = {Quadrotor Helicopter Flight Dynamics and Control: Theory and Experiment},
  BOOKTITLE = {Proc. of the AIAA Guidance, Navigation, and Control Conf.},
  MONTH = {August},
  YEAR = {2007},
  ADDRESS = {Hilton Head, SC},
  NOTE = {AIAA Paper Number 2007-6461},
  URL = {pubs/Quadrotor_Dynamics_GNC07.pdf}
}

@inproceedings{modeling:aces08,
    author = {Joseph Porter and Gabor Karsai and Peter Volgyesi and Harmon Nine and Peter Humke and Graham Hemingway and Ryan Thibodeaux and Janos Sztipanovits},
    title = {Towards Model-Based Integration of Tools and Techniques for Embedded Control System Design, Verification, and Implementation},
    booktitle = {Workshops and Symposia at MoDELS 2008, LNCS 5421},
    month = {To appear},
    year = {2008},
    publisher = {Springer},
    address = {Toulouse, France}
}

@techreport{modeling:TDL,
    author = {J. Templ},
    title = "TDL Specification and Report",
    institution = {Dept. of Computer Science, Univ. of Salzburg},
    year = {2004},
    number = {C059},
    note = {http://www.cs.uni-salzburg.at/pubs/reports/T001.pdf}
}

@techreport{asm:ASML,
        Author = {Yuri Gurevich and Wolfram Schulte and Margus Veanes},
        Title = {Toward Industrial Strength Abstract State Machines},
        Institution = {Microsoft Research},
        Year = {2001},
        Month = {October},
        Number = {MSR-TR-2001-98},
        note = {Tools available: http://www.codeplex.com/AsmL }
}

@techreport{sem:OpSem,
        Author = {Dana S. Scott},
        Title = {Outline of a Mathematical Theory of Computation},
        Institution = {Programming Research Group, Oxford University},
        Year = {1970},
        Number = {Technical Monograph PRG–2}
}

@book{prog:beckXP,
    author = {Kent Beck},
    title = {Extreme Programming Explained: Embrace Change},
    publisher = {Addison-Wesley},
    address = {Reading, MA},
    year = {2000}
}

@article{sem:opsemZ,
    author = {Marc V. Benveniste},
    title = {Writing Operational Semantics in Z: A Structural Approach},
    journal = {Springer LNCS v. 551: Proc. of the 4th International Symp. of VDM Europe on Formal Software Development},
    year = {1991},
    volume = {1},
    pages = {164--188}
}

@INPROCEEDINGS{verif:bip,
  author = {Ananda Basu and Marius Bozga and Joseph Sifakis},
  title = {Modeling Heterogeneous Real-time Components in {BIP}},
  booktitle = {SEFM '06: Proc. of the 4th IEEE International Conference on Software Engineering and Formal Methods},
  year = {2006},
  pages = {3--12},
  publisher = {IEEE Computer Society},
  address = {Washington, DC, USA},
  url = {papers/Basu-Bozga-Sifakis-06.pdf}
}

@inproceedings{ asm:ASM_UML,
    author = {Egon Borger and A. Cavarra and Elvinia Riccobene},
    title = {An ASM semantics for UML activity diagrams},
    booktitle = {T. Rus (ed.), Algebraic Methodology and Software Technology, 8th International Conference , AMAST 2000 Proceedings,  Springer LNCS, Vol. 1816},
    year = {2000},
    pages = {293--308}
}


@incollection{ asm:Bakery,
    author = {Egon Borger and Yuri Gurevich and Dean Rosenzweig},
    title = {The Bakery Algorithm: Yet Another Specification and Verification},
    booktitle = {Specification and Validation Methods},
    year = {1995},
    publisher = {Oxford Univ. Press},
    pages = {231--243}
}

@book{ prog:cmmi,
    author = {Mary Beth Chrissis and Mike Konrad and Sandy Shrum},
    title = {CMMI: Guidelines for Process Integration and Product Improvement},
    publisher = {Addison-Wesley},
    year = {2006},
    edition = {second}
}

@article{ modeling:hfsm,
    author = {Alain Girault and Bilung Lee and Edward A. Lee},
    title = {Hierarchical finite state machines with multiple concurrency models},
    journal = {IEEE Transactions on Computer-Aided Design of Integrated Circuits and Systems},
    year = {1999},
    pages = {742--760},
    month = {June},
    volume = {18},
    number = {6}
}

@incollection{asm:lipari,
    author = {Yuri Gurevich},
    title = {Evolving Algebra 1993: Lipari Guide},
    booktitle = {Specification and Validation Methods},
    year = {1995},
    publisher = {Oxford Univ. Press},
    pages = {9--36}
}

@book{ prog:rapid_dev,
    author = {Steve McConnell},
    title = {Rapid Development: Taming Wild Software Schedules},
    publisher = {Microsoft Press},
    address = {Redmond, WA},
    year = {1996}
}

@techreport{omg:mda,
    author = "{Object Management Group}",
    title = {MDA Guide Version 1.0.1},
    year = {2003},
    number = "omg/2003-06-01"
}

@book{ sem:semwapp,
    author = {Hanne Riis Nielson and Flemming Nielson},
    title = {Semantics with Applications: An Appetizer},
    publisher = {Springer-Verlag},
    address = {London},
    year = {2007}
}

@book{ asm:java,
    author = {Robert Stark and Joachim Schmid and Egon Borger},
    title = {Java and the Java Virtual Machine: Definition, Verification, Validation},
    publisher = {Springer-Verlag},
    address = {Berlin},
    year = {2001}
}

@article{ sem:eventstruct,
    author = {Glynn Winskel},
    title = "Event Structures",
    journal = "Advances in Petri Nets. Springer LNCS 255",
    year = {1987}
}

@book{ sem:winskel,
    author = {Glynn Winskel},
    title = {The Formal Semantics of Programming Languages: An Introduction},
    publisher = {MIT Press},
    address = {Cambridge, MA},
    year = {1993}
}

@incollection{ mic:meta_lang,
    author = {Matthew Emerson and Sandeep Neema and Janos Sztipanovits},
    title = {Metamodeling Languages and Metaprogrammable Tools},
    booktitle = {Handbook of Real-Time and Embedded Systems},
    editor = {Insup Lee and Joseph Leung and Sang H. Son},
    publisher = {CRC Press},
    year = {2006}
}

@inproceedings{ mic:metaprog,
    author = {G. Karsai and A. Ledeczi and S. Neema and J. Sztipanovits},
    title = {The Model-Integrated Computing Toolsuite: Metaprogrammable Tools for Embedded Control System Design},
    booktitle = {Proc. of the IEEE Joint Conference CCA, ISIC and CACSD},
    address = {Munich, Germany},
    year = {2006}
}

@article{ timed:ta,
    author = {R. Alur and D. Dill},
    title = {A Theory of Timed Automata},
    journal = {Theoretical Computer Science},
    year = {1994},
    volume = {126},
    number = {2},
    month = {Apr},
    pages = {183--235}
}

@inproceedings{ timed:ta2,
    author = {R. Alur},
    title = {Timed Automata},
    booktitle = {Proc. of the 11th International Conference on Computer Aided Verification, LNCS 1633},
    editor = {N. Halbwachs and D. Peled},
    publisher = {Springer-Verlag},
    pages = {8--22},
    year = {1999},
    address = {London}
}

@inproceedings{ zig,
    author = {},
    title = {},
    booktitle = {},
    address = {},
    year = {}
}

@article{os:tinyos,
    author = "P. Levis and S. Madden and J. Polastre and R. Szewczyk and K. Whitehouse and A. Woo and D. Gay and J. Hill and M. Welsh and E. Brewer and D. Culler",
    title = "TinyOS: An operating system for wireless sensor networks",
    journal = "Ambient Intelligence, Springer-Verlag",
    year = 2005,
}

@misc{tools:xilinxise,
    title   = "{Xilinx ISE HDL Design Environment}",
    howpublished = "http://www.xilinx.com/",
    }


@manual{tools:bgl,
    author = {Jeremy Siek and Lie-Quan Lee and Andrew Lumsdaine},
    title = {The Boost Graph Library: User Guide and Reference Manual},
    year = {2001},
    publisher = {Addison-Wesley Professional},
    series = "{C++ In-Depth}",
    url = "{http://www.boost.org/doc/libs/1_39_0/libs/graph/doc/index.html}"
}


@misc{hw:gumstix,
        title = {Gumstix, Inc. Verdex and Robostix I/O processing modules},
        howpublished = {http://www.gumstix.com}
}

@misc{tools:gme,
                author  = "ISIS, Vanderbilt University",
        title       = "{Generic Modeling Environment}",
        howpublished = "http://www.isis.vanderbilt.edu/projects/gme"
        }

@misc{modeling:moses,
    author = "ETH Zurich",
    title = {MOSES Project Tools},
    howpublished = {http://www.tik.ee.ethz.ch/~moses}
}

@misc{modeling:kermeta,
    author = "IRISA",
    title = "Kermeta Metamodeling Tools",
    howpublished = "http://www.kermeta.org"
}


@misc{hw:tttech,
        title   = "{TTTech TTP/C Cluster}",
        howpublished = "http://www.tttech.com/"
}

@misc{tools:tttech,
				title = {TTTech TTPlan Scheduling Tools},
				howpublished = {http://www.tttech.com}
}

@misc{sched:cheddar,
	title = "{The Cheddar project : a free real time scheduling analyzer}",
	howpublished = {http://beru.univ-brest.fr/~singhoff/cheddar}
}

@misc{modeling:Topcased,
  title = "{TOPCASED: The Open-Source Toolkit for Critical Systems}",
  howpublished = {http://www.topcased.org/index.php}
}

@misc{modeling:STOOD,
  title = "{Ellidiss STOOD modeling methodology and tools}",
  howpublished = {http://www.ellidiss.com/stood.shtml}
}

@techreport{modeling:aadl,
        author="{AS-2 Embedded Computing Systems Committee}",
        title={Architecture Analysis and Design Language (AADL)},
        institution={Society of Automotive Engineers},
        year={2004},
        month={November},
        number={AS5506}
}

@techreport{modeling:aadl_control_systems,
	author="{John Hudak and Peter Feiler}",
	title={Developing AADL Models for Control Systems: A Practitioner's Guide},
	institution={CMU Software Engineering Institute (SEI)},
	year = {2007},
	number = {CMU/SEI-2007-TR-014}
}
	
@inproceedings{verif:aadl_bip,
	author={Mohamed Yassin Chkouri and Anne Robert and Marius Bozga and Joseph Sifakis},
	title={Translating AADL into BIP - Application to the Verification of Real-time Systems},
	booktitle={Model Based Architecting and Construction of Embedded Systems, Workshops and Symposia at MoDELS 2008, Springer LNCS 5421},
    month = {To appear},
    year = {2008},
    address = {Toulouse, France}
}

@article{sched:aadl_sched,
 author = {F. Singhoff and J. Legrand and L. Nana and L. Marc\'{e}},
 title = {Scheduling and memory requirements analysis with AADL},
 journal = {Ada Lett.},
 volume = {XXV},
 number = {4},
 year = {2005},
 issn = {1094-3641},
 pages = {1--10},
 doi = {http://doi.acm.org/10.1145/1104011.1103847},
 publisher = {ACM},
 address = {New York, NY, USA},
 }


@misc{tools:gecode,
                author = "C. Schulte and M. Lagerkvist and G. Tack",
        title       = "{Gecode: Generic Constraint Development Environment}",
        howpublished = "http://www.gecode.org/"
        }

@misc{tools:mozart,
				title = {Mozart Constraint Programming Tool (Oz constraint programming language implementation)},
				howpublished = {http://www.mozart-oz.org}
}

@misc{tools:xuml,
                author = "Kennedy Carter Ltd.",
        title   = "{Kennedy-Carter Excecutable UML (xUML)}",
        howpublished = "http://www.kc.com/xuml.php"
        }

@misc{tools:mathworks,
                author = "{The MathWorks, Inc.}",
        title       = "{Simulink/Stateflow Tools}",
        howpublished = "http://www.mathworks.com"
        }

@misc{tools:matrixx,
        author = "{National Instruments, Inc.}",
        title = "MATRIXx Tools",
        howpublished = "http://www.ni.com/matrixx"
}

@misc{tools:ptolemy2,
        author = "UCB",
    title   = "{Ptolemy II}",
    howpublished = "{http://ptolemy.berkeley.edu/ptolemyII}"
    }

@misc{tools:UPPAAL,
    author = "{Basic Research in Computer Science (Aalborg Univ.) / Dept. of Information Technology (Uppsala Univ.)}",
    title = {UPPAAL},
    howpublished={http://www.uppaal.com/},
    note={Integrated tool environment for modeling, validation and verification of real-time systems.}
}

@misc{timed:IFTool,
    author = {Verimag},
  title = {IF Verification Tool},
  howpublished = {http://www-verimag.imag.fr/~async/IF/index.htm}
}

@inproceedings{ZhouLeungLee2007,
    author = "{Gang Zhou and Man-Kit Leung and Edward A. Lee}",
    title = "{A Code Generation Framework for Actor-Oriented
              Models with Partial Evaluation}",
    booktitle = "{Proceedings of International Conference on
              Embedded Software and Systems 2007, LNCS 4523}",
    editor = "{Y.-H. Lee et al.}",
    pages = {786-799},
    month = {May},
    year = {2007},
    URL = {http://chess.eecs.berkeley.edu/pubs/251.html}
}

@article{ sched:offline,
    author =            "K. Schild and J. W{\"u}rtz",
    title =             "Scheduling of Time-Triggered Real-Time Systems",
    journal =           "Constraints",
    volume =            "5",
    number =            "4",
    year =              "2000",
    month =             "Oct.",
    pages =             "335-357",
    publisher =     "Kluwer Acad. Pub."
    }

@techreport{ sched:constr,
		author = {Cecilia Ekelin and Jan Jonsson},
		title = {Solving Embedded Systems Scheduling Problems Using Constraint Programming},
		institution = {Chalmers Univ. of Technology},
		number = {TR 00-12},
		year = {2000},
		url = {http://www.ce.chalmers.se/~cekelin}
}

@incollection{sched:cumulatives,
    author = {Nicolas Beldiceanu and Mats Carlsson },
    title = {A New Multi-Resource cumulatives Constraint with Negative Heights},
    booktitle={CP},
    series = {LNCS},
    publisher = {Springer},
    editor = {Pascal van Hentenryck},
    pages = {63--79},
    year = {2002}
}

@article{ timed:ttpa,
  author =       "Hermann Kopetz and Michael Holzmann and Wilfried Elmenreich",
  title =        "A Universal Smart Transducer Interface: TTP/A",
  journal =      "International Journal of Computer System, Science, and Engineering",
  volume =       "16",
  number =       "2",
  year =         "2001",
  month =        "Mar.",
  url = "citeseer.ist.psu.edu/kopetz00universal.html" }

@article{timed:giotto2,
    author =            "Thomas A. Henzinger and Benjamin Horowitz and Christoph Meyer Kirsch",
    title =             "Giotto: {A} Time-Triggered Language for Embedded Programming",
    journal =       "LNCS",
    volume =            "2211",
    pages =             "166--184",
    year =              "2001",
    url = "citeseer.ist.psu.edu/henzinger00giotto.html" }

@incollection{prog:embsys,
        author="T.A. Henzinger and J. Sifakis",
        title="The embedded systems design challenge",
        booktitle="FM: Formal Methods",
    series="LNCS",
    volume = "4085",
    publisher="Springer",
        year="2006",
        pages="1--15"
        }

@misc{tools:alteraquartus,
        author = "Altera",
    title   = "{Quartus HDL Design Environment}",
    howpublished = "http://www.altera.com/",
    }

@misc{gcc,
        author = "Free Software Foundation",
    title = "{GCC, the GNU Compiler Collection}",
    howpublished = "http://gcc.gnu.org/",
    }

@book{tools:stateflow,
    author="The MathWorks Inc.",
    title="Stateflow and Stateflow Coder 7 User's Guide",
    publisher="The Mathworks, Inc.",
    year="2007"
    }

@book{modeling:statecharts,
    author="{D. Harel and M. Politi}",
    title = "{Modeling Reactive Systems with Statecharts: The STATEMATE Approach}",
    publisher ="McGraw-Hill",
    year="1998"
    }

@incollection{ modeling:platform,
    author = {Luca P. Carloni and Fernando De Bernardinis and Claudio Pinello and Alberto L. Sangiovanni-Vincentelli and Marco Sgroi},
    title = {Platform-Based Design for Embedded Systems},
    booktitle = {The Embedded Systems Handbook},
    editor = {R. Zurawski},
    publisher = {CRC Press},
    year = {2005}
}

@inproceedings{modeling:platform2,
    author = {A. L. Sangiovanni-Vincentelli and L. Carloni and F. De Bernardinis and M. Sgroi},
    title = {Benefits and Challenges for Platform-Based Design},
    booktitle = {Proceedings of the Design Automation Conference (DAC'04)},
    month = {June},
    year = {2004}
}

@article{modeling:platform3,
    author = "{Alberto Sangiovanni-Vincentelli}",
    title = "{Defining Platform-based Design}",
    journal = "{EEDesign of EETimes}",
    month = "{February}",
    year = {2002},
    URL = {http://www.gigascale.org/pubs/141.html}
}

@techreport{sem:taggedsig2,
    Author = {Edward A. Lee and Alberto L. Sangiovanni-Vincentelli},
    Title = {A Denotational Framework for Comparing Models of Computation},
    Institution = {EECS Department, University of California, Berkeley},
    Year = {1997},
    URL = {http://www.eecs.berkeley.edu/Pubs/TechRpts/1997/3183.html},
    Number = {UCB/ERL M97/11}
}

@techreport{mic:ecsldp,
        Author = {Sandeep Neema and Gabor Karsai},
        Title = "Embedded Control Systems Language for Distributed Processing ({ECSL-DP})",
        Institution = {Institute for Software Integrated Systems, Vanderbilt University},
        Year = {2004},
        URL = {http://www.isis.vanderbilt.edu/publications/archive/Neema_S_5_12_2004_Embedded_C.pdf},
        Number = {ISIS-04-505}
}

@techreport{quad:passcontrol,
        Author = {Nicholas Kottenstette and Joseph Porter},
        Title = "Digital Passive Attitude and Altitude Control Schemes for Quadrotor Aircraft",
        Institution = {Institute for Software Integrated Systems, Vanderbilt University},
        Year = {2008},
        URL = {https://wiki.isis.vanderbilt.edu/hcddes/images/3/36/Uav_tr.pdf},
        Number = {ISIS-08-911}
}

@techreport{pass:powerjunction,
			Author= {Nicholas Kottenstette and Joseph Hall and Xenofon Koutsoukos and Panos Antsaklis and   Janos Sztipanovits},
			Title = {Digital Control of Multiple Discrete Passive Plants Over Networks},
			Institution={Institute for Software Integrated Systems, Vanderbilt University},
			Month = {March},
			Year = {2009}
} 

@techreport{pass:conditions,
			Author = {Nicholas Kottenstette and Panos J. Antsaklis},
			Title = {Time Domain and Frequency Domain Conditions For Passivity},
			Institution={Institute for Software Integrated Systems, Vanderbilt University and University of Notre Dame},
			Number={ISIS-2008-002}, 
			Month={November}, 
			Year={2008}
}

@inproceedings{mic:verifgrtrans,
    author = "{A. Narayanan and G. Karsai}",
    title = "{Towards verifying model transformations}",
    booktitle = "{5th International Workshop on Graph
                  Transformation and Visual Modeling Techniques, 2006, Vienna, Austria}",
    editor = "{R. Bruni and D. Varró}",
    pages = {185-194},
    month = {Apr},
    year = {2006},
}

@article{modeling:giotto3,
    author              = {Thomas Henzinger and Benjamin Horowitz and Christoph Kirsch},
    title               = {Giotto: A time-triggered language for embedded programming},
    journal             = {Proceedings of the IEEE},
    volume              = {91},
    pages               = {84-99},
    month               = {January},
    year                = {2003},
    URL                 = {http://www.gigascale.org/pubs/397.html}
}

@manual{tools:devspp,
    TITLE                   = {DEVS++: C++ Open Source Library of DEVS Formalism},
    author                  = {Moon Ho Hwang},
    address                 = {http://odevspp.sourceforge.net/},
    edition                 = {first},
    month                   = {May},
    year                    = {2007}
}

@book{timed:rtsys,
    author                  = {Hermann Kopetz},
    title                   = {Real-Time Systems: Design Principles for Distributed Embedded Applications},
    publisher               = {Kluwer Academic Publishers},
    address                 = {Boston},
    year                    = {1997}
}


@article{timed:tta2,
  author =       "Hermann Kopetz and G{\"u}nther Bauer",
  title =        "The Time-Triggered Architecture",
  journal =      "Proceedings of the {IEEE}, Special Issue on Modeling and Design of Embedded Software",
  year =         "2001",
  month =        "Oct",
  url = "citeseer.ist.psu.edu/kopetz88timetriggered.html" }

@article{timed:tta,
  title                 = {The {T}ime-{T}riggered {A}rchitecture},
  author                = {Hermann Kopetz and G{\"u}nther Bauer},
  journal               = {Proceedings of the IEEE},
  year                  = {2003},
  month                 = {Jan},
  volume                = {91},
  number                = {1},
  pages                 = {112--126},
}

@article{hw:ttpc,
 author                     = {Hermann Kopetz and G\"{u}nter Gr\"{u}nsteidl},
 title                      = {TTP-A Protocol for Fault-Tolerant Real-Time Systems},
 journal                    = {Computer},
 volume                     = {27},
 number                     = {1},
 year                       = {1994},
 issn                       = {0018-9162},
 pages                      = {14--23},
 doi                        = {http://dx.doi.org/10.1109/2.248873},
 publisher                  = {IEEE Computer Society Press},
 address                    = {Los Alamitos, CA, USA},
 }

@article{timed:ttpa,
  author                    = {Hermann Kopetz and Michael Holzmann and Wilfried Elmenreich},
  title                     = {A Universal Smart Transducer Interface: TTP/A},
  journal                   = {International Journal of Computer System Science $\&$ Engineering},
  volume                    = {16},
  number                    = {2},
  year                      = {2001},
  month                     = {Mar.},
  url                       = {citeseer.ist.psu.edu/kopetz00universal.html}
}

@article{mic:mic,
  author                    = {Gabor Karsai and Janos Sztipanovits and Akos Ledeczi and Ted Bapty},
  title                     = {Model-Integrated Development of Embedded Software},
  journal                   = {Proceedings of the IEEE},
  volume                    = {91},
  number                    = {1},
  year                      = {2003},
  month                     = {Jan.}
}

@techreport{sem:taggedsig3,
  Author                    = {Edward A. Lee and Alberto L. Sangiovanni-Vincentelli},
  Title                     = {A Denotational Framework for Comparing Models of Computation},
  Institution               = {EECS Department, University of California, Berkeley},
  Year                      = {1997},
  URL                       = {http://www.eecs.berkeley.edu/Pubs/TechRpts/1997/3183.html},
  Number                    = {UCB/ERL M97/11}
}

@manual{tools:adevs,
    title                   = {Adevs (A Discrete EVent System simulator) C++ Library},
    author                  = {Jim Naruto},
    year                    = {2008},
    address                 = {http://www.ornl.gov/$\sim$1qn/adevs/index.html}
}

@book{modeling:thrymodsim,
  author                = {Bernard P. Zeigler},
  title                 = {Theory of Modeling and Simulation},
  publisher             = {John Wiley},
  year                  = {1976}
}

@book{modeling:thrymodsim2,
    author                  = {Bernard P. Zeigler and Tag Gon Kim and Herbert Praehofer},
    title                   = {Theory of Modeling and Simulation},
    year                    = {2000},
    isbn                    = {0127784551},
    publisher               = {Academic Press, Inc.},
    address                 = {Orlando, FL, USA}
 }

@manual{tools:devsjava,
    TITLE                   = {Introduction to DEVS Modeling and Simulation with JAVA. DEVSJAVA Manual},
    author                  = {Bernard P. Zeigler and Hessam S. Sarjoughian},
    address                 = {http://odevspp.sourceforge.net/},
    year                    = {2003},
    website                 = {www.acims.arizona.edu/PUBLICATIONS/publications.shtml}
}

@mastersthesis{timed:frodo,
        author  = {Ryan Thibodeaux},
        title   = {The Specification and Implementation of a Model of Computation},
        month   = {May},
        year    = {2008},
        school  = {Vanderbilt University}
}

@misc{tools:freertos,
        title = {FreeRTOS Open Source Real-Time Operating System Kernel},
        howpublished = {http://www.freertos.org}
}

@manual{tools:truetime,
    author = {Martin Ohlin and Dan Henriksson and Anton Cervin},
    title = {TrueTime 1.5 Reference Manual},
    organization = {Dept. of Automatic Control, Lund University},
    address = {Sweden},
    year = {2007},
    month = {January},
    note  = {http://www.control.lth.se/truetime/}
}

@inproceedings{mic:udm,
    author={E. Magyari and A. Bakay and A. Lang and et al},
    title={UDM: An Infrastructure for Implementing Domain-Specific Modeling Languages},
    booktitle={The 3rd OOPSLA Workshop on Domain-Specific Modeling},
    year={2003},
    month={October}
}

@incollection{tools:Z,
    author={Jean-Raymond Abrial and Stephen A. Schuman and Bertrand Meyer},
    title={A Specification Language},
    booktitle={On the Construction of Programs},
    publisher={Cambridge University Press},
    editor={A. M. Macnaghten and R. M. McKeag},
    year={1980},
    note={(describes an early version of the Z language)}
}

@manual{sem:Z,
    title={Information Technology — Z Formal Specification Notation — Syntax, Type System and Semantics},
    organization ={ISO/IEC},
    year={2002},
    month={July},
    note={13568:2002}
}

@book{ asm:book,
    author={Egon B{\"o}rger and Robert St{\"a}rk},
    title={Abstract State Machines: A Method for High-Level System Design and Analysis},
    publisher={Springer-Verlag},
    year={2003}
}



@ARTICLE{control:sectors1,
title={On the input-output stability of time-varying nonlinear feedback systems Part one: Conditions derived using concepts of loop gain, conicity, and positivity},
author={ Zames, G.},
journal={Automatic Control, IEEE Transactions on},
year={1966},
month={Apr},
volume={11},
number={2},
pages={ 228-238},
keywords={null Nonlinear systems, time-varying, Stability, Time-varying systems, nonlinear}
}

@book{control:lmibook,
        author={Stephen Boyd and Laurent El Ghaoui and E. Feron and V. Balakrishnan},
        title = {Linear Matrix Inequalities in System and Control Theory},
        publisher = {Society for Industrial and Applied Mathematics (SIAM)},
        volume = {15},
        series = {Studies in Applied Mathematics},
        year = {1994}
}

@misc{tools:cvx,
                author  = {Michael Grant and Stephen Boyd},
        title       = {CVX: Matlab software for disciplined convex programming},
        howpublished = {http://stanford.edu/~boyd/cvx},
        month = {February},
        year = {2009}
}

@article{opt:discconvprog,
title={Graph implementations for nonsmooth convex programs},
author={Michael Grant and Stephen Boyd},
editors={V. Blondel and S. Boyd and H. Kimura},
journal={Recent Advances in Learning and Control (a tribute to M. Vidyasagar)}, 
publisher={Springer},
series={Lecture Notes in Control and Information Sciences},
year={2008},
pages={ 95--110}
}


@book{ control:sectorswillems,
    author={Jan C. Willems},
    title={The Analysis of Feedback Systems. Research Monograph No. 62},
    publisher = {MIT Press},
    address = {Cambridge, MA},
    year = {1971}
}

@manual{ std:DO178B,
    title={DO-178B: Software Considerations in Airborne Systems and Equipment Certification},
    organization={RTCA, Inc.},
    address={1828 L St. NW, Ste. 805, Washington, D.C. 20036},
    month={December},
    year={1992},
    note={Prepared by: RTCA SC-167}
}

@inproceedings{ asm:tasm,
    author={Martin Ouimet and Kristina Lundqvist},
    title={The Timed Abstract State Machine Language: An Executable Specification Language for Reactive Real-Time Systems},
    booktitle={Proc. of the 15th Intl. Conf. on Real-Time and Network Systems (RTNS '07)},
    month={March},
    year={2007},
    address={Nancy, France}
}

@inproceedings{ asm:tasm_sat,
    author={Martin Ouimet and Kristina Lundqvist},
    title={Automated Verification of Completeness and Consistency of Abstract State Machine Specifications using a SAT Solver},
    booktitle={3rd International Workshop on Model-Based Testing (MBT '07), Satellite of ETAPS '07},
    address={Braga, Portugal},
    month={April},
    year={2007}
}

@inproceedings{ asm:asm_spin,
    author={Angelo Gargantini and Elvinia Riccobene and Salvatore Rinzivillo},
    title={Using SPIN to Generate Tests From ASM Specifications},
    booktitle={ASM 2003: Advances in Theory and Practice, 10th
               Intl. Workshop},
    pages={263-277},
    publisher = {Springer},
  series    = {LNCS},
  volume    = {2589},
  month     = {March},
  year      = {2003},
  isbn      = {3-540-00624-9},
  bibsource = {DBLP, http://dblp.uni-trier.de}
}

@inproceedings{ mic:compspec,
    author = {K. Chen and J. Sztipanovits and S. Neema},
    title = {Compositional Specification of Behavioral Semantics},
    booktitle = {Design, Automation, and Test in Europe: The Most Influential Papers of 10 Years DATE, part III},
    publisher = {Springer},
    address = {Netherlands},
    year = {2008},
    pages = {253--265}
}

@inproceedings{ mic:semunit_ta,
    author ={K. Chen and J. Sztipanovits and S. Abdelwahed},
    title={A Semantic Unit for Timed Automata Based Modeling Languages},
    booktitle={Proceedings of RTAS'06},
    pages={347-360},
    year={2006}
}

@inproceedings{ mic:semunits,
    author={K. Chen and J. Sztipanovits and S. Neema and M. Emerson and S. Abdelwahed},
    title={Toward a Semantic Anchoring Infrastructure for Domain-Specific Modeling Languages},
    booktitle={Proceedings of the Fifth ACM International Conference on Embedded Software (EMSOFT'05)},
    pages={35-44},
    address={Jersey City, New Jersey},
    month={September},
    year={2005}
}

@inproceedings{ mic:semunit_modtrans,
    author={K. Chen and J. Sztipanovits and S. Abdelwahed and E. Jackson},
    title={Semantic Anchoring with Model Transformations},
    booktitle={Proceedings of European Conference on Model Driven Architecture-Foundations and Applications (ECMDA-FA)},
    address={Nuremberg, Germany},
    month={November},
    year={2005},
    series={LNCS},
    volume={3748},
    pages={115-129},
    publisher={Springer-Verlag}
}

@article{ verif:pathfinder,
    author={W. Visser and K. Havelund and G. Brat and S. Park and F. Lerda},
    title={Model Checking Programs},
    journal={Automated Software Engineering Journal},
    volume={10},
    number={2},
    month={April},
    year={2003}
}

@article{ verif:cmu_magic,
    author={Sagar Chaki and Edmund Clarke and Alex Groce and Somesh Jha and Helmut Veith},
    title={Modular Verification of Software Components in C},
    journal={IEEE Transactions on Software Engineering (TSE)},
    volume={30},
    number={6},
    pages={388--402},
    month={June},
    year={2004},
    note={http://www.cs.cmu.edu/~chaki/magic/}
}

@inproceedings{ verif:saturn,
    author={Y. Xie and A. Aiken},
    title={Saturn: A SAT-Based Tool for Bug Detection},
    booktitle={Proceedings of the 17th International Conference on Computer Aided Verification},
    pages={139--143},
    month={January},
    year={2005},
    notes={http://saturn.stanford.edu/}
}

@article{ opt:trunc,
    author={J. Skaf and S. Boyd},
    title={Controller Coefficient Truncation Using Lyapunov Performance
Certificate},
    journal={IEEE Trans. on Automatic Control (in review)},
    month={December},
    year={2006}
}

@inproceedings{ opt:lminetwork,
  author={A. Bhave and B. H. Krogh},
  title={Performance Bounds on State-Feedback Controllers with Network Delay},
  booktitle={IEEE Conference on Decision and Control, 2008 (submitted)},
  month={December},
  year={2008}
}



% ------------Stolen from Ethan!!!---------------------------
% ------------New references for introduction----------------
@article{prog:Dijkstra72,
  author    = {Edsger W. Dijkstra},
  title     = {The Humble Programmer},
  journal   = {Commun. ACM},
  volume    = {15},
  number    = {10},
  year      = {1972},
  pages     = {859-866}
}

@article{prog:TeBl98,
 author = {Juergen Teich and Tobias Blickle and Lothar Thiele},
 title = {System-Level Synthesis Using Evolutionary Algorithms},
 journal = {J. Design Automation for Embedded Systems},
 pages = {23--58},
 volume = {3},
 month = jan,
 year = {1998}
}

@inproceedings{modeling:refinement,
    author = {J. Burch and R. Passerone and A. Sangiovanni-Vincentelli},
    title = {Modeling Techniques in Design-by-Refinement
              Methodologies},
    booktitle = {Integrated Design and Process Technology},
    month = {June},
    year = {2002},
    URL = {http://www.gigascale.org/pubs/216.html}
}

@inproceedings{modeling:domain,
    author = {Michael Jackson and Pamela Zave},
    title = {Domain Descriptions},
    booktitle = {Proceedings of the IEEE Conference on Requirements Engineering},
    year = {1993},
    pages = {56--64}
}

@inproceedings{mic:constructive,
    author = {Ethan Jackson and Janos Sztipanovits},
    title = {Constructive Techniques for Meta- and Model-level Reasoning},
    booktitle = {Proceedings of MODELS'07},
    year = {2007},
}

@article{modeling:dsm,
  author    = {Robert B. France and Bernhard Rumpe},
  title     = {Domain specific modeling},
  journal   = {Software and System Modeling},
  volume    = {4},
  number    = {1},
  year      = {2005},
  pages     = {1-3}
}

@inproceedings{modeling:prodlines,
  author    = {Don S. Batory and
               Clay Johnson and
               Bob MacDonald and
               Dale von Heeder},
  title     = {Achieving Extensibility Through Product-Lines and Domain-Specific
               Languages: A Case Study},
  booktitle = {ICSR},
  year      = {2000},
  pages     = {117-136},
  crossref  = {DBLP:conf/icsr/2000},
  bibsource = {DBLP, http://dblp.uni-trier.de}
}


@inproceedings{sem:requirements,
  author    = {Joseph A. Goguen},
  title     = {Formality and Informality in Requirements Engineering},
  booktitle = {ICRE},
  year      = {1996},
  pages     = {102-109},
  ee        = {http://dlib2.computer.org/conferen/icre/7252/pdf/72520102.pdf?},
  bibsource = {DBLP, http://dblp.uni-trier.de}
}

@ARTICLE{asm:evolvalgebra,
    AUTHOR = {Y. Gurevich},
    TITLE = {Evolving Algebra: An Attempt to Discover Semantics},
    JOURNAL = {EATCS},
    PAGES = {264-284},
    VOLUME = {43},
    YEAR = {1991}   }

@inproceedings{asm:actionmachines,
  author    = {Wolfgang Grieskamp and
               Nikolai Tillmann and
               Colin Campbell and
               Wolfram Schulte and
               Margus Veanes},
  title     = {Action Machines - Towards a Framework for Model Composition,
               Exploration and Conformance Testing Based on Symbolic Computation},
  booktitle = {QSIC},
  year      = {2005},
  pages     = {72-82},
  ee        = {http://doi.ieeecomputersociety.org/10.1109/QSIC.2005.10},
  crossref  = {DBLP:conf/eh/2005},
  bibsource = {DBLP, http://dblp.uni-trier.de}
}



% ------------ END New references for introduction----------------



@article{mic:overview,
    AUTHOR = {G. Karsai and J. Sztipanovits and A. Ledeczi and T. Bapty},
    TITLE = {Model-Integrated Development of Embedded Software},
    JOURNAL = {Proceedings of the IEEE},
    VOLUME = {91},
    NUMBER = {1},
    PAGES = {145-164},
    MONTH = {January},
    YEAR = {2003}   }

@article{mic:gme,
    AUTHOR = {A. Ledeczi and M. Maroti and A. Bakay and G. Karsai and J. Garrett and C. Thomason IV and  G. Nordstrom and J. Sprinkle and P. Volgyesi},
    TITLE = {The Generic Modeling Environment},
    JOURNAL = {Workshop on Intelligent Signal Processing},
    MONTH = {May},
    YEAR = {2001}   
}

@ARTICLE{paper:synclang,
   AUTHOR = {A. Benveniste and P. Caspi and S. Edwards and N. Halbwachs and P. Le Guernic and R. de Simone},
   TITLE = {The Synchronous Languages Twelve Years Later.},
   JOURNAL = {Proceedings of the IEEE},
     VOLUME = {91},
     NUMBER = {1},
     PAGES = {64-83},
     YEAR = {2003}  }
}


@article{mic:sepofcon,
    author = {E. K. Jackson and J. Sztipanovits},
    title = {Using Separation of Concerns for Embedded Systems Design},
    JOURNAL = {Proceedings of the Fifth ACM International Conference on Embedded
              Software (EMSOFT'05)},
    PAGES = {25-34},
    month = {September},
    year = {2005}
}

@article{mic:ethanformal,
    author = {E. K. Jackson and J. Sztipanovits},
    title = {Towards a Formal Foundation for Domain Specific Modeling Languages},
    JOURNAL = {Proceedings of the Sixth ACM International Conference on Embedded
              Software (EMSOFT'06)},
    PAGES = {53-62},
    month = {October},
    year = {2006}
}


@inproceedings{BurchPasseroneSangiovanni-Vincentelli2002,
    author = {J. Burch and R. Passerone and A. Sangiovanni-Vincentelli},
    title = {Modeling Techniques in Design-by-Refinement
              Methodologies},
    booktitle = {Integrated Design and Process Technology},
    month = {June},
    year = {2002},
    URL = {http://www.gigascale.org/pubs/216.html}
}

@techreport{ plotkin81structural,
    author = {G. D. Plotkin},
    title = {A Structural Approach to Operational Semantics},
    number = {DAIMI FN-19},
    address = {University of Aarhus},
    year = {1981},
    url = {citeseer.ist.psu.edu/article/plotkin81structural.html} }

@article{sem:simden,
    author = {G. Hamon},
    title = {A Denotational Semantics for Stateflow},
    JOURNAL = {Proceedings of the Fifth ACM International Conference on Embedded
              Software (EMSOFT'05)},
    PAGES = {164-172},
    month = {September},
    year = {2005}
}

@article{sem:simop,
    author = {G. Hamon and J. Rushby},
    title = {An Operational Semantics for Stateflow},
    JOURNAL = {Proceedings of the conference on Fundamental Approaches to Software Engineering (FASE'04)},
    PAGES = {229-243},
    volume = {Volume 2984 of LNCS},
    year = {2005}
}

@misc{ modeling:viatra,
  author = {G. Csertan and G. Huszerl and I. Majzik and Z. Pap and A. Pataricza and
    D. Varro},
  title = {VIATRA: Visual automated transformations for formal verification and validation
    of UML models},
  text = {G. Csertan, G. Huszerl, I. Majzik, Z. Pap, A. Pataricza, and D. Varro.
    VIATRA: Visual automated transformations for formal verification and validation
    of UML models. In Proc. ASE 2002: 17th IEEE International Conference on
    Automated Software Engineering, Edinburgh, UK, September 23--27 2002. Accepted
    paper.},
  year = {2002},
  url = {citeseer.ist.psu.edu/article/csertan02viatra.html} }

@article{mic:great2,
    author = {G. Karsai and A. Agrawal and F. Shi},
    title = {On the Use of Graph Transformations for the Formal Specification of Model Interpreters},
    JOURNAL = {Journal of Universal Computer Science},
      VOLUME = {9},
      NUMBER = {11},
    PAGES = {1296--1321},
    month = {November},
    year = {2003}
}

@article{mic:great,
    author = "{Aditya Agrawal and Gabor Karsai and Sandeep Neema and Feng Shi and Attila Vizhanyo}",
    title = "The Design of a  Language for Model Transformations",
    journal = "Journal on Software and System Modeling",
    year = "2006",
    month = "Sep",
    pages = "{261-288}",
    volume = "5",
    number = "3"
}

@article{mic:StructuralSem,
    author = {E. Jackson and J. Sztipanovits},
    title = {Formalizing the Structural Semantics of Domain-Specific Modeling Languages},
    JOURNAL = {Journal of Software and Systems Modeling},
    year = {2009}
}
@techreport{mic:doc,
    author = "{Institute For Software Integrated Systems}",
    title = {GME 5 User's Guide},
    institution = {Vanderbilt University},
    year = {2005},
    URL = {http://www.isis.vanderbilt.edu/Projects/gme/GMEUMan.pdf}
}

@inproceedings{mic:Toolsuite,
    author = {G. Karsai and A. Ledeczi and S. Neema and J. Sztipanovits },
    title = {The Model-Integrated Computing Toolsuite: Metaprogrammable Tools for Embedded Control System Design.},
    booktitle = {Proceedings of the IEEE Joint Conference CCA, ISIC and CACSD},
    month = {September},
    address = {Munich, Germany},
    year = {2006}
}

@inproceedings{mic:semanch,
    author = {K. Chen and J. Sztipanovits and S. Neema and M. Emerson and S. Abdelwahed },
    title = {Toward a Semantic Anchoring Infrastructure for Domain-Specific Modeling Languages.},
    booktitle = {Proceedings of the Fifth ACM International Conference on Embedded
              Software (EMSOFT'05)},
    month = {September},
    year = {2005}
}

@article{modeling:sld,
		author= {A. L. Sangiovanni-Vincentelli},
		title = {Quo Vadis SLD: Reasoning about Trends and Challenges of System-Level Design},
		journal={Proc. of the IEEE},
		volume = {95},
		number = {3},
		pages = {467--506},
		month = {March},
		year = {2007}
}

@inproceedings{modeling:interface,
    author = {L. de Alfaro and T.A. Henzinger},
    title = {Interface-Based Design},
    booktitle = {In Engineering Theories of Software Intensive Systems, proceedings of the Marktoberdorf Summer School, Kluwer},
    publisher = {Kluwer},
    year = {2004}
}

@ARTICLE{moc:sdf,
   AUTHOR = {E. A. Lee, and D. G. Messerschmitt},
   TITLE = {Synchronous Data Flow},
   JOURNAL = {Proceedings of the IEEE},
     VOLUME = {75},
     NUMBER = {9},
     PAGES = {1235-1245},
     YEAR = {1987}  }
}


@techreport{moc:threads,
    Author = {E. A. Lee},
    Title = {The Problem with Threads},
    Institution = {EECS Department, University of California, Berkeley},
    Year = {2006},
    Month = {January 10},
    URL = {http://www.eecs.berkeley.edu/Pubs/TechRpts/2006/EECS-2006-1.html},
    Number = {UCB/EECS-2006-1}
}

@book{algebra:universal,
    author = {S. N. Burris and H.P. Sankappanavar},
    title = {A Course in Universal Algebra},
    publisher = {Springer-Verlag},
    year = {1981},
    url = {http://www.thoralf.uwaterloo.ca/htdocs/ualg.html}
}

@article{algebra:metamath,
    author = {Anatolii Ivanovic Mal'cev},
    title = {The Metamathematics of Algebraic Systems},
    JOURNAL = {Studies in Logic and The Foundations of Mathematics},
    publisher = {North-Holland},
    year = {1971},
    volume = {66}
}

@book{control:Ogata,
    author={Katsuhiko Ogata},
    title={Modern Control Engineering},
    publisher={Prentice-Hall, Inc.},
    address={New Jersey},
    year={1970}
}

@BOOK{logic:herbrand,
  AUTHOR= {Jacques Herbrand},
  TITLE={Logical Writings},
  PUBLISHER={Harvard University Press, Cambridge, MA},
  YEAR={1971},
  note={Edited by Warren D. Goldfarb}
}

@ARTICLE{asm:gurevich,
    AUTHOR = {Y. Gurevich},
    TITLE = {Evolving Algebra: An Attempt to Discover Semantics},
    JOURNAL = {EATCS},
    PAGES = {264-284},
    VOLUME = {43},
    YEAR = {1991}   }

@inproceedings{timed:Kronos,
    author={C. Daws and A. Olivero and S. Tripakis and S. Yovine},
    title = {The Tool Kronos},
    booktitle={Proceedings of "`Hybrid Systems III, Verification and Control"'. LNCS 1066.},
    publisher={Springer-Verlag},
    year= {1996},
    pages={208-219}
}

@ARTICLE{logic:horn,
    AUTHOR = {Alfred Horn},
    TITLE = {On sentences which are true on direct unions of algebras},
    JOURNAL = {Journal of Symbolic Logic},
    PAGES = {14-21},
    VOLUME = {16},
    YEAR = {1951}   }

@article{logic:guptasemantics,
    AUTHOR = {G. Gupta},
    TITLE = {Horn Logic Denotations and Their Applications},
    JOURNAL = {The Logic Programming Paradigm: A 25 year perspective},
    PAGES = {127-160},
    publisher={Springer Verlag},
    MONTH={April},
    YEAR = {1998}   }

@ARTICLE{timed:giotto,
    AUTHOR = {T. A. Henzinger and C. M. Kirsch and M. A.A. Sanvido and W. Pree},
    TITLE = {From control models to real-time code using Giotto},
    JOURNAL = {Control Systems Magazine},
    VOLUME = {2},
    NUMBER = {1},
    PAGES = {50-64},
    YEAR = {2003}   }

@inproceedings{timed:tdl,
    author = {E. Farcas and C. Farcas and W. Pree and J. Templ},
    title = {Transparent distribution of real-time components based on logical execution time},
    booktitle = {Proc. of the 2005 ACM Conf. on Lang., Compilers, and Tools for Embedded Systems (LCTES '05)},
    address = {New York, NY},
    month = {June},
    year = {2005},
    publisher = {ACM Press},
    pages = {31-39}
}

@inproceedings{timed:tdlflexray,
	title = {Model-Driven Development of FlexRay-Based Systems with the Timing Definition Language (TDL)},
	author = {A. Naderlinger and J. Pletzer and W. Pree and J. Templ},
	booktitle={Proc. of the 4th International ICSE workshop on Software Engineering for Automotive Systems},
	address = {Minneapolis}, 
	month = {May},
	year =  {2007}
}

@inproceedings{timed:let,
		title={Trading End-to-End Latency for Composability},
		author = {Slobodan Matic and Thomas A. Henzinger},
		booktitle = {Proc. of the 26th Annual Real-Time Systems Symposium (RTSS)}, 
		publisher={IEEE Computer Society Press}, 
		year={2005}, 
		pages={99--110}
}

@techreport{omg:mof,
    author = "{Object Management Group}",
    title = {Meta Object Facility Specification v1.4},
    year = {2002},
    URL = {http://www.omg.org/docs/formal/02-04-03.pdf}
}

@techreport{omg:uml,
    author = "{Object Management Group}",
    title = {Unified Modeling Language: Superstructure version 2.0, 3rd revised submission to OMG RFP},
    year = {2003},
    URL = {http://www.omg.org/docs/ad/00-09-02.pdf}
}

@techreport{omg:emof,
    author = "{Object Management Group}",
    title = {Meta Object Facility (MOF) 2.0 Core Specification},
    year = {2003},
    URL = {http://www.omg.org/docs/ptc/03-10-04.pdf}
}

@techreport{omg:qvt,
    author = "{Object Management Group}",
    title = {Meta Object Facility (MOF) 2.0 Query/View/Transformation Specification},
    year = {2005},
    URL = {http://www.omg.org/docs/ptc/05-11-01.pdf}
}


@techreport{omg:ocl,
    author = "{Object Management Group}",
    title = {Object Constraint Language v2.0},
    year = {2006},
    URL = {http://www.omg.org/docs/formal/06-05-01.pdf}
}

@techreport{omg:marte,
		author ="{Object Management Group}",
		title = {UML Profile for Modeling and Analysis of Real-Time and Embedded Systems (MARTE)},
		year = {2008},
		URL = {http://www.omgmarte.org/Documents/Specifications/08-06-09.pdf}
}

@book{logic:warren,
  AUTHOR= {HASSAN A\"IT-KACI},
  TITLE={Warren's Abstract Machine: A Tutorial Reconstruction },
  PUBLISHER={MIT Press},
  YEAR={1991},
}

@ARTICLE{logic:chan,
    AUTHOR = {D. Chan},
    TITLE = {An extension of constructive negation and its application in coroutining},
    JOURNAL = {In Proceedings of NACLP, The MIT Press},
    PAGES = {447-493},
    YEAR = {1989}   }

@inproceedings{logic:lpsemantics,
  author    = {Michael Gelfond and
               Vladimir Lifschitz},
  title     = {The Stable Model Semantics for Logic Programming.},
  booktitle = {ICLP/SLP},
  year      = {1988},
  pages     = {1070-1080},
  bibsource = {DBLP, http://dblp.uni-trier.de}
}

@article{logic:lpcomplexity,
  author    = {Evgeny Dantsin and
               Thomas Eiter and
               Georg Gottlob and
               Andrei Voronkov},
  title     = {Complexity and expressive power of logic programming.},
  journal   = {ACM Comput. Surv.},
  volume    = {33},
  number    = {3},
  year      = {2001},
  pages     = {374-425},
  ee        = {http://doi.acm.org/10.1145/502807.502810},
  bibsource = {DBLP, http://dblp.uni-trier.de}
}


@ARTICLE{sem:taggedsig,
    AUTHOR = {E. Lee and A. Sangiovanni-Vincentelli},
    TITLE = {A Unified Framework for Comparing Models of Computation},
    JOURNAL = {IEEE Trans. on Computer Aided Design of Integrated Circuits and Systems},
    VOLUME = {17},
    NUMBER = {12},
    PAGES = {1217-1229},
    MONTH = {December},
    YEAR = {1998}   }

@ARTICLE{mic:mof,
    AUTHOR = {M. Emerson and J. Sztipanovits and T. Bapty},
    TITLE = {A MOF-Based Metamodeling Environment},
    JOURNAL = {Journal of Universal Computer Science},
    PAGES = {1357-1382},
    VOLUME={10},
    NUMBER={10},
    MONTH={October},
    YEAR = {2004}   }

@ARTICLE{modeling:metropolis,
    AUTHOR = {F. Balarin and Y. Watanabe and H. Hsieh and L. Lavagno and C. Paserone and A. L. Sangiovanni-Vincentelli},
    TITLE = {Metropolis: an Integrated Electronic System Design Environment},
    JOURNAL = {IEEE Computer},
    VOLUME = {36},
    NUMBER = {4},
    MONTH = {April},
    YEAR = {2003}   }

@article{modeling:ptolemy,
    AUTHOR = {E. A. Lee and S. Neuendorffer},
    TITLE = {Actor-oriented models for codesign: Balancing re-use and performance},
    JOURNAL = {Formal Methods and Models for Systems, Kluwer},
    YEAR = {2004}   }

@misc{ modeling:typedgrtrans,
  author = "R. Heckel and J. Kuster and G. Taentzer",
  title = "Confluence of typed attributed graph transformation systems",
  text = "R. Heckel, J. M. Kuster, and G. Taentzer. Confluence of typed attributed
    graph transformation systems. In A. Corradini, H. Ehrig, H.-J. Kreowski,
    and G. Rozenberg (eds.), Proc. ICGT 2002: Firs International Conference
    on Graph Transformation, vol. 2505 of LNCS, pp. 161--176. Springer-Verlag,
    Barcelona, Spain, 2002.",
  year = "2002",
  url = "citeseer.ist.psu.edu/heckel02confluence.html" }

@inproceedings{modeling:typedgrtrans2,
  author    = {Hartmut Ehrig and
               Ulrike Prange and
               Gabriele Taentzer},
  title     = {Fundamental Theory for Typed Attributed Graph Transformation.},
  booktitle = {ICGT},
  year      = {2004},
  pages     = {161-177},
  ee        = {http://springerlink.metapress.com/openurl.asp?genre=article{\&}issn=0302-9743{\&}volume=3256{\&}spage=161},
  crossref  = {DBLP:conf/gg/2004},
  bibsource = {DBLP, http://dblp.uni-trier.de}
}

@article{modeling:heirgrtrans,
  author    = {Frank Drewes and
               Berthold Hoffmann and
               Detlef Plump},
  title     = {Hierarchical Graph Transformation.},
  journal   = {J. Comput. Syst. Sci.},
  volume    = {64},
  number    = {2},
  year      = {2002},
  pages     = {249-283},
  ee        = {http://dx.doi.org/10.1006/jcss.2001.1790},
  bibsource = {DBLP, http://dblp.uni-trier.de}
}

@inproceedings{logic:lpsemantics2,
  author    = {W. P. Weijland},
  title     = {Semantics for Logic Programs without Occur Check.},
  booktitle = {ICALP},
  year      = {1988},
  pages     = {710-726},
  crossref  = {DBLP:conf/icalp/1988},
  bibsource = {DBLP, http://dblp.uni-trier.de}
}

@inproceedings{logic:databases,
  author    = {Jack Minker},
  title     = {Logic and Databases: A 20 Year Retrospective.},
  booktitle = {Logic in Databases},
  year      = {1996},
  pages     = {3-57},
  crossref  = {DBLP:conf/lid/1996},
  bibsource = {DBLP, http://dblp.uni-trier.de}
}

@article{logic:datatypes,
 author = {John Guttag},
 title = {Abstract data types and the development of data structures},
 journal = {Commun. ACM},
 volume = {20},
 number = {6},
 year = {1977},
 issn = {0001-0782},
 pages = {396--404},
 doi = {http://doi.acm.org/10.1145/359605.359618},
 publisher = {ACM Press},
 address = {New York, NY, USA},
 }

@incollection{logic:methods,
  author="Dexter Kozen",
  booktitle="Logical Methods: In Honor of Anil Nerode's Sixtieth Birthday",
  editor="J. N. Crossley and J. B. Remmel and R. A. Shore and M. E. Sweedler",
  title="Partial automata and finitely generated congruences: An extension of {N}erode's theorem",
  address="Ithaca, New York",
  publisher="Birkh{\"a}user",
  pages="490--511",
  year="1993"
}

@misc{ modeling:mda,
  author = "Jean Bezivin and et al.",
  title = "Towards a Precise Definition of the OMG/MDA Framework",
  text = "J. Bezivin and O. Gerbe. Towards a Precise Definition of the OMG/MDA FrameWork.
    In Proceedings of the 16th Conference on Automated Software Engineering,
    pages 273--280, San Diego, USA, November 2001. IEEE Computer Society Press.",
  year = "2001",
  url = "citeseer.ist.psu.edu/bezivin01towards.html" }


@article{modeling:metamodeling,
    author = {Thomas Kuehne},
    citeulike-article-id = {1047131},
    doi = {10.1007/s10270-006-0017-9},
    issn = {1619-1366},
    journal = {Software and Systems Modeling (SoSyM)},
    keywords = {2006 _hardcopy mde metamodeling modeling},
    month = {December},
    number = {4},
    pages = {369--385},
    priority = {4},
    publisher = {Springer},
    title = {Matters of (Meta-) Modeling},
    url = {http://dx.doi.org/10.1007/s10270-006-0017-9},
    volume = {5},
    year = {2006}
}

@article{modeling:semantics,
  author    = {David Harel and
               Bernhard Rumpe},
  title     = {Meaningful Modeling: What's the Semantics of "Semantics"?.},
  journal   = {IEEE Computer},
  volume    = {37},
  number    = {10},
  year      = {2004},
  pages     = {64-72},
  ee        = {http://csdl.computer.org/comp/mags/co/2004/10/rx064abs.htm},
  bibsource = {DBLP, http://dblp.uni-trier.de}
}

@inproceedings{mic:constr,
  author    = {Ethan K. Jackson and
                       Janos Sztipanovits},
  title     = {Constructive Techniques for Meta- and Model-level Reasoning},
  booktitle = {Proceedings of MODELS 07},
  year      = {2007},
}

@article{modeling:actors,
  author    = {Edward A. Lee and
               Stephen Neuendorffer and
               Michael J. Wirthlin},
  title     = {Actor-Oriented Design of Embedded Hardware and Software
               Systems.},
  journal   = {Journal of Circuits, Systems, and Computers},
  volume    = {12},
  number    = {3},
  year      = {2003},
  pages     = {231-260},
  ee        = {http://dx.doi.org/10.1142/S0218126603000751},
  bibsource = {DBLP, http://dblp.uni-trier.de}
}

@misc{mic:4ml,
  title ={http://www.isis.vanderbilt.edu/Projects/4ml/4ml.htm}
}

@techreport{modeling:msftdsl,
    author = "{Microsoft DSL Toolkit}",
    title = "{http://msdn2.microsoft.com/en-us/vstudio/aa718368.aspx}"
}

@techreport{modeling:eclipseemf,
    author = "{The Eclipse Modeling Framework}",
    title = "{www.eclipse.org/emf/}"
}

@ARTICLE{modeling:sysweaver,
title={Model-Based Development of Embedded Systems: The SysWeaver Approach},
author={ de Niz, D. and Bhatia, G. and Rajkumar, R.},
journal={Real-Time and Embedded Technology and Applications Symposium, 2006. Proceedings of the 12th IEEE},
year={2006},
month={April},
volume={},
number={},
pages={ 231-242},
doi={10.1109/RTAS.2006.30},
ISSN={}, }

@inproceedings{modeling:decos,
    author = "{W. Herzner, R. Schlick, M. Schlager, B. Leiner, B. Huber, A. Balogh, G. Csertan, A. LeGuennec, T. LeSergent, N. Suri and S. Islam}",
    title = "{Model-Based Development of Distributed Embedded Real-Time Systems with the DECOS Tool-Chain}",
    booktitle = {Proc. of SAE 2007 AeroTech Congress \& Exhibition},
    month = {September},
    year = {2007},
    address = {Los Angeles, CA, USA}
}

@Article{pass:fettweis86,
	title = {Wave digital filters: theory and practice},
	journal = {Proceedings of the IEEE},
	author = {A. Fettweis},
	volume = {74},
	number = {2},
	year = {1986},
	pages = {270 - 327}
}

@InProceedings{ncs:kottenstette07,
	title = {Stable Digital Control Networks for Continuous Passive Plants Subject to Delays and Data Dropouts},
	booktitle = {Proceedings of the 46th {IEEE} Conference on Decision and Control},
	author = {Nicholas Kottenstette and Panos J. Antsaklis},
	year = 2007,
	pages = {4433 - 4440},
}

@ARTICLE{ncs:chopra,
title={Bilateral Teleoperation Over Unreliable Communication Networks},
author={N. Chopra and P. Berestesky and M.W. Spong},
journal={Control Systems Technology, IEEE Transactions on},
year={2008},
month={March },
volume={16},
number={2},
pages={304-313},
keywords={Internet, asymptotic stability, continuous systems, delays, discrete time systems, manipulators, packet switching, telecommunication network management, telerobotics, time-varying systems, wireless LANasymptotic stability, bilateral teleoperator control, communication management module, continuous system, data loss, discrete time system, dual robot system, master robots, master-slave system, missing packet handling, packet-switched network, passivity-based framework, slave robots, time-varying delays, unreliable communication network},
doi={10.1109/TCST.2007.903397},
ISSN={1063-6536}
}

@InProceedings{ncs:berestesky04,
	title = {Discrete time passivity in bilateral teleoperation over the internet},
	booktitle = {IEEE International Conference on Robotics and Automation},
	author = {P. Berestesky and N. Chopra and M. W. Spong},
	year = 2004,
	pages = {4557 - 4564},
}

@inProceedings{ncs:secchi03,
	title = {Digital passive geometric telemanipulation},
	booktitle = {IEEE International Conference on Robotics and Automation},
	author = {Cristian Secchi and Stefano Stramigioli and Cesare Fantuzzi},
	year = 2003,
	pages = {3290 - 3295},
} 

@inProceedings{pass:Golo03,
	title = {Hamiltonian formulation of bond graphs},
	booktitle = {Nonlinear and Hybrid Systems in Automotive Control},
	author = {G. Golo and A. J. van der Schaft and P. Breeveld and B. Maschke},
	year = 2003,
	pages = {351 - 372},
} 

@ARTICLE{ncs:stramigioli,
title={Sampled Data Systems Passivity and Discrete Port-Hamiltonian Systems},
author={ S. Stramigioli and C. Secchi and A.J. vanderSchaft and C. Fantuzzi},
journal={Robotics, IEEE Transactions on},
year={2005},
month={Aug.},
volume={21},
number={4},
pages={ 574-587},
keywords={ delays, manipulators, sampled data systems, telerobotics, time-varying systems and discrete port-Hamiltonian systems, sampled data systems, sampled passivity, telemanipulation, time-varying delays, virtual environment},
doi={10.1109/TRO.2004.842330},
ISSN={1552-3098}
}

@book{pass:vanderschaft,
	title={L2-Gain and Passivity in Nonlinear Control},
	author={Arjan van der Schaft},
	series={Lect. Notes in Control and Inf. Sciences},
	publisher={Springer-Verlag},
	year={2000},
	address={Secaucus, NJ}
}

@book{pass:haddad,
	title={Nonlinear Dynamical Systems and Control: A Lyapunov-Based Approach},
	author={W.M. Haddad and V.S. Chellaboina},
	publisher={Princeton University Press},
	year={2008}
}
	
@ARTICLE{ncs:wireless,
	title={Passivity-Based Design of Wireless Networked Control Systems for Robustness To Time-Varying Delays},
	author={N. Kottenstette and X. Koutsoukos and J. Hall and P. J. Antsaklis and J. Sztipanovits},
	journal={Real-Time Systems Symposium, (RTSS 2008)},
	year={2008},
	month={December},
	volume={},
	number={},
	pages={15-24}
}

@inproceedings{sat:smtcore,
	title = {A Simple and Flexible Way of Computing Small Unsatisfiable Cores in SAT Modulo Theories},
	author = {Alessandro Cimatti and Alberto Griggio and Roberto Sebastiani},
	booktitle={Proc. of Tenth Intl. Conf. on Satisfiability Testing (SAT '07)},
	series={LNCS},
	volume = {4501},
	publisher = {Springer},
	year={2007}
}

@inproceedings{sat:amuse,
    author = {Yoonna Oh and Maher Mneimneh and Zaher Andraus and
              Karem Sakallah and Igor Markov},
    title = {AMUSE: A Minimally-Unsatisfiable Subformula Extractor},
    booktitle = {Proc. of the Design Automation Conference (DAC)},
    organization = {ACM/IEEE},
    pages = {518--523},
    month = {June},
    year = {2004},
    abstract = {This paper describes a new algorithm for
              extracting unsatisfiable subformulas from a given
              unsatisfiable CNF formula. Such unsatisfiable
              “cores” can be very helpful in diagnosing the
              causes of infeasibility in large systems. Our
              algorithm is unique in that it adapts the
              “learning process” of a modern SAT solver to
              identify unsatisfiable subformulas rather than
              search for satisfying assignments. Compared to
              existing approaches, this method can be viewed as
              a bottom-up core extraction procedure which can be
              very competitive when the core sizes are much
              smaller than the original formula size. Repeated
              runs of the algorithm with different branching
              orders yield different cores. We present
              experimental results on a suite of large
              automotive benchmarks showing the performance of
              the algorithm and highlighting its ability to
              locate not just one but several cores.},
    URL = {http://www.gigascale.org/pubs/544.html}
}

@inproceedings{moc:ltta,
 author = {Albert Benveniste and Paul Caspi and Marco di Natale and Claudio Pinello and Alberto Sangiovanni-Vincentelli and Stavros Tripakis},
 title = {Loosely time-triggered architectures based on communication-by-sampling},
 booktitle = {EMSOFT '07: Proc. of the 7th ACM \& IEEE Intl. Conf. on Embedded Software},
 year = {2007},
 isbn = {978-1-59593-825-1},
 pages = {231--239},
 location = {Salzburg, Austria},
 doi = {http://doi.acm.org/10.1145/1289927.1289964},
 publisher = {ACM},
 address = {New York, NY, USA},
 }



