@Misc{afdxspec,
  title         = {{ARINC 664 Specification. Part 7, Avionics Full Duplex Switched Ethernet (AFDX) Network}},
  year          = {2004}
}
@Article{algebra:metamath,
  journal       = {Studies in Logic and The Foundations of Mathematics},
  author        = {Anatolii Ivanovic Mal'cev},
  title         = {The Metamathematics of Algebraic Systems},
  volume        = {66},
  year          = {1971},
  publisher     = {North-Holland}
}
@Book{algebra:universal,
  author        = {S. N. Burris and H.P. Sankappanavar},
  title         = {A Course in Universal Algebra},
  bdsk-url-1    = {http://www.thoralf.uwaterloo.ca/htdocs/ualg.html},
  year          = {1981},
  url           = {http://www.thoralf.uwaterloo.ca/htdocs/ualg.html},
  publisher     = {Springer-Verlag}
}
@InProceedings{asm:actionmachines,
  author        = {Wolfgang Grieskamp and Nikolai Tillmann and Colin Campbell and Wolfram Schulte and Margus Veanes},
  title         = {Action Machines - Towards a Framework for Model Composition, Exploration and Conformance Testing Based on Symbolic Computation},
  crossref      = {DBLP:conf/eh/2005},
  ee            = {http://doi.ieeecomputersociety.org/10.1109/QSIC.2005.10},
  bibsource     = {DBLP, http://dblp.uni-trier.de},
  pages         = {72-82},
  year          = {2005},
  booktitle     = {QSIC}
}
@InProceedings{asm:asm_spin,
  series        = {LNCS},
  author        = {Angelo Gargantini and Elvinia Riccobene and Salvatore Rinzivillo},
  title         = {Using SPIN to Generate Tests From ASM Specifications},
  bibsource     = {DBLP, http://dblp.uni-trier.de},
  pages         = {263-277},
  isbn          = {3-540-00624-9},
  volume        = {2589},
  month         = {March},
  year          = {2003},
  booktitle     = {ASM 2003: Advances in Theory and Practice, 10th Intl. Workshop},
  publisher     = {Springer}
}
@InProceedings{asm:ASM_UML,
  author        = {Egon Borger and A. Cavarra and Elvinia Riccobene},
  title         = {An ASM semantics for UML activity diagrams},
  pages         = {293--308},
  year          = {2000},
  booktitle     = {T. Rus (ed.), Algebraic Methodology and Software Technology, 8th International Conference , AMAST 2000 Proc., Springer LNCS, Vol. 1816}
}
@TechReport{asm:ASML,
  author        = {Yuri Gurevich and Wolfram Schulte and Margus Veanes},
  title         = {Toward Industrial Strength Abstract State Machines},
  month         = {October},
  year          = {2001},
  number        = {MSR-TR-2001-98},
  note          = {Tools available: http://www.codeplex.com/AsmL},
  institution   = {Microsoft Research}
}
@InCollection{asm:Bakery,
  author        = {Egon Borger and Yuri Gurevich and Dean Rosenzweig},
  title         = {The Bakery Algorithm: Yet Another Specification and Verification},
  pages         = {231--243},
  year          = {1995},
  booktitle     = {Specification and Validation Methods},
  publisher     = {Oxford Univ. Press}
}
@Book{asm:book,
  author        = {Egon B{\"o}rger and Robert St{\"a}rk},
  title         = {Abstract State Machines: A Method for High-Level System Design and Analysis},
  year          = {2003},
  publisher     = {Springer-Verlag}
}
@Article{asm:evolvalgebra,
  journal       = {EATCS},
  author        = {Y. Gurevich},
  title         = {Evolving Algebra: An Attempt to Discover Semantics},
  pages         = {264-284},
  volume        = {43},
  year          = {1991}
}
@Article{asm:gurevich,
  journal       = {EATCS},
  author        = {Y. Gurevich},
  title         = {Evolving Algebra: An Attempt to Discover Semantics},
  pages         = {264-284},
  volume        = {43},
  year          = {1991}
}
@Book{asm:java,
  author        = {Robert Stark and Joachim Schmid and Egon Borger},
  title         = {Java and the Java Virtual Machine: Definition, Verification, Validation},
  address       = {Berlin},
  year          = {2001},
  publisher     = {Springer-Verlag}
}
@InCollection{asm:lipari,
  author        = {Yuri Gurevich},
  title         = {Evolving Algebra 1993: Lipari Guide},
  pages         = {9--36},
  year          = {1995},
  booktitle     = {Specification and Validation Methods},
  publisher     = {Oxford Univ. Press}
}
@InProceedings{asm:tasm,
  author        = {Martin Ouimet and Kristina Lundqvist},
  title         = {The Timed Abstract State Machine Language: An Executable Specification Language for Reactive Real-Time Systems},
  address       = {Nancy, France},
  month         = {March},
  year          = {2007},
  booktitle     = {Proc. of the 15th Intl. Conf. on Real-Time and Network Systems (RTNS '07)}
}
@InProceedings{asm:tasm_sat,
  author        = {Martin Ouimet and Kristina Lundqvist},
  title         = {Automated Verification of Completeness and Consistency of Abstract State Machine Specifications using a SAT Solver},
  address       = {Braga, Portugal},
  month         = {April},
  year          = {2007},
  booktitle     = {3rd International Workshop on Model-Based Testing (MBT '07), Satellite of ETAPS '07}
}
@InProceedings{BurchPasseroneSangiovanni-Vincentelli2002,
  author        = {J. Burch and R. Passerone and A. Sangiovanni-Vincentelli},
  title         = {Modeling Techniques in Design-by-Refinement Methodologies},
  bdsk-url-1    = {http://www.gigascale.org/pubs/216.html},
  month         = {June},
  year          = {2002},
  booktitle     = {Integrated Design and Process Technology},
  url           = {http://www.gigascale.org/pubs/216.html}
}
@Article{comp:causality,
  journal       = {{ACM} Trans. on Emb. Computing Systems},
  author        = {Ye Zhou and Edward Lee},
  title         = {Causality Interfaces for Actor Networks},
  article       = {29},
  month         = {Apr},
  volume        = {7},
  year          = {2008},
  number        = {3}
}
@Misc{control:boyd_lmi_hw,
  author        = {S. Boyd},
  title         = {{EE 363 Homework 8, Problem 2 (solution)}, \emph{Combining Lyapunov functions for subsystems.}},
  howpublished  = {www.stanford.edu/class/ee363/homework.html},
  year          = {2006},
  note          = {This version of the homework is no longer available on the web site, as it is not in the current problem set.  Please contact the author if you would like more information.}
}
@Book{control:dorf,
  author        = {Richard C. Dorf and Robert H. Bishop},
  title         = {Modern Control Systems},
  year          = {2008},
  publisher     = {Prentice Hall}
}
@Book{control:lmibook,
  series        = {Studies in Applied Mathematics},
  author        = {Stephen Boyd and Laurent El Ghaoui and E. Feron and V. Balakrishnan},
  title         = {Linear Matrix Inequalities in System and Control Theory},
  volume        = {15},
  year          = {1994},
  publisher     = {Society for Industrial and Applied Mathematics (SIAM)}
}
@Book{control:Ogata,
  author        = {Katsuhiko Ogata},
  title         = {Modern Control Engineering},
  address       = {New Jersey},
  year          = {1970},
  publisher     = {Prentice-Hall, Inc.}
}
@Book{control:robust,
  author        = {Kemin Zhou and John Doyle},
  title         = {Essentials of Robust Control},
  year          = {1998},
  publisher     = {Prentice Hall}
}
@TechReport{control:scheduling,
  author        = {Karl-Erik Arzen and  Bo Bernhardsson et al},
  title         = {Integrated Control and Scheduling},
  address       = {Sweden},
  month         = {Aug},
  year          = {1999},
  number        = {ISRN LUTFD2/TFRT--7586--SE},
  institution   = {Dept. of Automatic Control, Lund Inst. of Technology}
}
@InProceedings{control:scheduling2,
  author        = {A. Anta and P. Tabuada},
  title         = {{On the benefits of relaxing the periodicity assumption for networked control systems over CAN}},
  booktitle     = {RTSS '09: Real-Time Systems Symposium},
  year          = {2009}
}
@Article{control:sectors1,
  journal       = {Automatic Control, {IEEE} Trans. on},
  author        = {Zames, G.},
  title         = {On the input-output stability of time-varying nonlinear feedback systems Part one: Conditions derived using concepts of loop gain, conicity, and positivity},
  keywords      = {null Nonlinear systems, time-varying, Stability, Time-varying systems, nonlinear},
  pages         = {228-238},
  volume        = {11},
  month         = {Apr},
  year          = {1966},
  number        = {2}
}
@Article{control:sectors2,
  journal       = {Automatic Control, {IEEE} Trans. on},
  author        = {Zames, G.},
  title         = {On the input-output stability of time-varying nonlinear feedback systems--Part II: Conditions involving circles in the frequency plane and sector nonlinearities},
  keywords      = {Nonlinear systems, time-varying; Nonlinearities; Stability; Time-varying systems, nonlinear;},
  issn          = {0018-9286},
  pages         = {465 - 476},
  volume        = {11},
  month         = {Jul},
  number        = {3},
  year          = {1966},
  doi           = {}
}
@Book{control:sectorswillems,
  author        = {Jan C. Willems},
  title         = {The Analysis of Feedback Systems. Research Monograph No. 62},
  address       = {Cambridge, MA},
  year          = {1971},
  publisher     = {MIT Press}
}
@Proceedings{DBLP:conf/sies/2009,
  title         = {IEEE Fourth International Symposium on Industrial Embedded
               Systems - SIES 2009, Ecole Polytechnique Federale de Lausanne,
               Switzerland, July 8 - 10, 2009},
  bibsource     = {DBLP, http://dblp.uni-trier.de},
  isbn          = {978-1-4244-4110-5},
  year          = {2009},
  booktitle     = {SIES},
  publisher     = {IEEE}
}
@Misc{gcc,
  author        = {Free Software Foundation},
  title         = {{GCC, the GNU Compiler Collection}},
  howpublished  = {http://gcc.gnu.org/}
}
@Misc{hw:gumstix,
  title         = {Gumstix, Inc. Verdex and Robostix I/O processing modules},
  howpublished  = {http://www.gumstix.com}
}
@Article{hw:ttpc,
  journal       = {Computer},
  author        = {Hermann Kopetz and G\"{u}nter Gr\"{u}nsteidl},
  title         = {TTP-A Protocol for Fault-Tolerant Real-Time Systems},
  bdsk-url-1    = {http://dx.doi.org/10.1109/2.248873},
  issn          = {0018-9162},
  address       = {Los Alamitos, CA, USA},
  pages         = {14--23},
  volume        = {27},
  year          = {1994},
  number        = {1},
  doi           = {http://dx.doi.org/10.1109/2.248873},
  publisher     = {IEEE Computer Society Press}
}
@Misc{hw:tttech,
  title         = {{TTTech TTP/C Cluster}},
  howpublished  = {http://www.tttech.com/}
}
@InProceedings{incr:language,
  journal       = {Computer Languages, 1998. Proceedings. 1998 International Conference on},
  author        = {Mernik, M. and Lenic, M. and Avdicausevic, E. and Zumer, V.},
  title         = {The template and multiple inheritance approach into attribute grammars},
  keywords      = {LISA version 2;attribute grammars;attribute occurrences;compiler generator tool;denotational semantics;formal methods;incremental design;language designer;multiple inheritance approach;object oriented programming;operational semantics;programming language semantics;programming language specifications;programming languages;reusable approach;semantic rule;template;attribute grammars;compiler generators;high level languages;inheritance;object-oriented programming;},
  issn          = {1074-8970},
  pages         = {102 -110},
  volume        = {},
  month         = {may.},
  number        = {},
  year          = {1998},
  doi           = {10.1109/ICCL.1998.674161}
}
@Article{incr:passivity,
  keywords1     = {Nonlinear systems},
  keywords      = {Output regulation},
  issn          = {0167-6911},
  pages         = {400--409},
  number        = {5},
  keywords3     = {Feedback incremental passivity},
  url           = {http://www.sciencedirect.com/science/article/B6V4X-4RDB8RH-2/2/f632a6742279a3b6df6fe0f1ca8b7c7a},
  keywords2     = {Incremental passivity},
  journal       = {Systems \& Control Letters},
  author        = {Alexey Pavlov and Lorenzo Marconi},
  title         = {Incremental passivity and output regulation},
  volume        = {57},
  year          = {2008},
  note          = {},
  doi           = {DOI: 10.1016/j.sysconle.2007.10.008}
}
@InProceedings{incr:performance,
  journal       = {Application of Concurrency to System Design, 2005. ACSD 2005. Fifth International Conference on},
  author        = {Geilen, M. and Basten, T. and Theelen, B. and Otten, R.},
  title         = {An algebra of Pareto points},
  keywords      = {Pareto analysis; Pareto points; Pareto-optimal configurations; algebra; design-space exploration; incremental design decisions; multicriteria optimisation; partial design decisions; Pareto optimisation; algebra; decision support systems;},
  issn          = {1550-4808},
  pages         = {88 - 97},
  volume        = {},
  month         = {jun.},
  number        = {},
  year          = {2005},
  doi           = {10.1109/ACSD.2005.2}
}
@InProceedings{incr:pipeline,
  journal       = {Rapid System Prototyping, 2006. Seventeenth IEEE International Workshop on},
  author        = {Braunstein, C. and Encrenaz, E.},
  title         = {Formalizing the Incremental Design and Verification Process of a Pipelined Protocol Converter},
  keywords      = {CTL specification;incremental design;pipelined protocol converter;treatment abortion;treatment delay;verification process;formal specification;pipeline processing;program verification;protocols;temporal logic;},
  issn          = {1074-6005},
  pages         = {103 -109},
  volume        = {},
  month         = {jun.},
  number        = {},
  year          = {2006},
  doi           = {10.1109/RSP.2006.19}
}
@Article{incr:pnblocks,
  journal       = {Systems, Man and Cybernetics, IEEE Transactions on},
  author        = {Ferrarini, L.},
  title         = {An incremental approach to logic controller design with Petri nets},
  keywords      = {Petri nets;boundedness;complexity;cyclic nets;incremental design;lifeness;logic control systems;logic controller design;task coordination;task synchronization;Petri nets;control system synthesis;},
  issn          = {0018-9472},
  pages         = {461 -473},
  volume        = {22},
  month         = {may.},
  number        = {3},
  year          = {1992},
  doi           = {10.1109/21.155947}
}
@InProceedings{incr:pop,
  journal       = {Design Automation Conference, 2001. Proceedings},
  author        = {Pop, P. and Eles, P. and Pop, T. and Peng, Z.},
  title         = {An approach to incremental design of distributed embedded systems},
  keywords      = {TDMA protocol; communication model; distributed embedded systems; functionality addition; hard real-time applications; incremental design approach; mapping problem; scheduling problem; distributed processing; electronic design automation; embedded systems; scheduling;},
  issn          = {0738-100X},
  pages         = {450 -- 455},
  volume        = {},
  month         = {},
  number        = {},
  year          = {2001},
  doi           = {10.1109/DAC.2001.156182}
}
@Article{incr:popsched,
  journal       = {Very Large Scale Integration (VLSI) Systems, IEEE Transactions on},
  author        = {Pop, P. and Eles, P. and Zebo Peng and Pop, T.},
  title         = {Scheduling and mapping in an incremental design methodology for distributed real-time embedded systems},
  keywords      = {benchmarks; distributed real-time embedded systems; hard real-time applications; incremental design methodology; mapping algorithm; scheduling algorithm; system modification cost minimization; embedded systems; minimisation; processor scheduling;},
  issn          = {1063-8210},
  pages         = {793 - 811},
  volume        = {12},
  month         = {aug.},
  number        = {8},
  year          = {2004},
  doi           = {10.1109/TVLSI.2004.831467}
}
@Article{logic:chan,
  journal       = {In Proc. of NACLP, The MIT Press},
  author        = {D. Chan},
  title         = {An extension of constructive negation and its application in coroutining},
  pages         = {447-493},
  year          = {1989}
}
@InProceedings{logic:databases,
  author        = {Jack Minker},
  title         = {Logic and Databases: A 20 Year Retrospective.},
  crossref      = {DBLP:conf/lid/1996},
  bibsource     = {DBLP, http://dblp.uni-trier.de},
  pages         = {3-57},
  year          = {1996},
  booktitle     = {Logic in Databases}
}
@Article{logic:datatypes,
  journal       = {Commun. ACM},
  author        = {John Guttag},
  title         = {Abstract data types and the development of data structures},
  bdsk-url-1    = {http://doi.acm.org/10.1145/359605.359618},
  issn          = {0001-0782},
  address       = {New York, NY, USA},
  pages         = {396--404},
  volume        = {20},
  year          = {1977},
  number        = {6},
  doi           = {http://doi.acm.org/10.1145/359605.359618},
  publisher     = {ACM Press}
}
@Article{logic:guptasemantics,
  journal       = {The Logic Programming Paradigm: A 25 year perspective},
  author        = {G. Gupta},
  title         = {Horn Logic Denotations and Their Applications},
  pages         = {127-160},
  month         = {April},
  year          = {1998},
  publisher     = {Springer Verlag}
}
@Book{logic:herbrand,
  author        = {Jacques Herbrand},
  title         = {Logical Writings},
  year          = {1971},
  note          = {Edited by Warren D. Goldfarb},
  publisher     = {Harvard Univ. Press, Cambridge, MA}
}
@Article{logic:horn,
  journal       = {Journal of Symbolic Logic},
  author        = {Alfred Horn},
  title         = {On sentences which are true on direct unions of algebras},
  pages         = {14-21},
  volume        = {16},
  year          = {1951}
}
@Article{logic:lpcomplexity,
  journal       = {ACM Comput. Surv.},
  author        = {Evgeny Dantsin and Thomas Eiter and Georg Gottlob and Andrei Voronkov},
  title         = {Complexity and expressive power of logic programming.},
  ee            = {http://doi.acm.org/10.1145/502807.502810},
  bibsource     = {DBLP, http://dblp.uni-trier.de},
  pages         = {374-425},
  volume        = {33},
  year          = {2001},
  number        = {3}
}
@InProceedings{logic:lpsemantics,
  author        = {Michael Gelfond and Vladimir Lifschitz},
  title         = {The Stable Model Semantics for Logic Programming.},
  bibsource     = {DBLP, http://dblp.uni-trier.de},
  pages         = {1070-1080},
  year          = {1988},
  booktitle     = {ICLP/SLP}
}
@InProceedings{logic:lpsemantics2,
  author        = {W. P. Weijland},
  title         = {Semantics for Logic Programs without Occur Check.},
  crossref      = {DBLP:conf/icalp/1988},
  bibsource     = {DBLP, http://dblp.uni-trier.de},
  pages         = {710-726},
  year          = {1988},
  booktitle     = {ICALP}
}
@InCollection{logic:methods,
  author        = {Dexter Kozen},
  title         = {Partial automata and finitely generated congruences: An extension of {N}erode's theorem},
  editor        = {J. N. Crossley and J. B. Remmel and R. A. Shore and M. E. Sweedler},
  address       = {Ithaca, New York},
  pages         = {490--511},
  year          = {1993},
  booktitle     = {Logical Methods: In Honor of Anil Nerode's Sixtieth Birthday},
  publisher     = {Birkh{\"a}user}
}
@Book{logic:warren,
  author        = {HASSAN A\"IT-KACI},
  title         = {Warren's Abstract Machine: A Tutorial Reconstruction},
  year          = {1991},
  publisher     = {MIT Press}
}
@Misc{mic:4ml,
  title         = {http://www.isis.vanderbilt.edu/Projects/4ml/4ml.htm}
}
@InProceedings{mic:compspec,
  author        = {K. Chen and J. Sztipanovits and S. Neema},
  title         = {Compositional Specification of Behavioral Semantics},
  address       = {Netherlands},
  pages         = {253--265},
  year          = {2008},
  booktitle     = {Design, Automation, and Test in Europe: The Most Influential Papers of 10 Years DATE, part III},
  publisher     = {Springer}
}
@InProceedings{mic:constr,
  author        = {Ethan K. Jackson and Janos Sztipanovits},
  title         = {Constructive Techniques for Meta- and Model-level Reasoning},
  year          = {2007},
  booktitle     = {Proc. of MODELS 07}
}
@InProceedings{mic:constructive,
  author        = {Ethan Jackson and Janos Sztipanovits},
  title         = {Constructive Techniques for Meta- and Model-level Reasoning},
  year          = {2007},
  booktitle     = {Proc. of MODELS'07}
}
@TechReport{mic:doc,
  author        = {{Institute For Software Integrated Systems}},
  title         = {GME 5 User's Guide},
  bdsk-url-1    = {http://www.isis.vanderbilt.edu/Projects/gme/GMEUMan.pdf},
  year          = {2005},
  url           = {http://www.isis.vanderbilt.edu/Projects/gme/GMEUMan.pdf},
  institution   = {Vanderbilt Univ.}
}
@TechReport{mic:ecsldp,
  author        = {Sandeep Neema and Gabor Karsai},
  title         = {Embedded Control Systems Language for Distributed Processing ({ECSL-DP})},
  bdsk-url-1    = {http://www.isis.vanderbilt.edu/publications/archive/Neema_S_5_12_2004_Embedded_C.pdf},
  year          = {2004},
  number        = {ISIS-04-505},
  url           = {http://www.isis.vanderbilt.edu/publications/archive/Neema_S_5_12_2004_Embedded_C.pdf},
  institution   = {Inst. for Software Integrated Sys., Vanderbilt Univ.}
}
@Article{mic:ethanformal,
  journal       = {Proc. of the Sixth ACM International Conference on Embedded Software (EMSOFT'06)},
  author        = {E. K. Jackson and J. Sztipanovits},
  title         = {Towards a Formal Foundation for Domain Specific Modeling Languages},
  pages         = {53-62},
  month         = {October},
  year          = {2006}
}
@Article{mic:gme,
  journal       = {Workshop on Intelligent Signal Processing},
  author        = {A. Ledeczi and M. Maroti and A. Bakay and G. Karsai and J. Garrett and C. Thomason IV and G. Nordstrom and J. Sprinkle and P. Volgyesi},
  title         = {The Generic Modeling Environment},
  month         = {May},
  year          = {2001}
}
@Article{mic:great,
  journal       = {Journal on Software and System Modeling},
  author        = {{Aditya Agrawal and Gabor Karsai and Sandeep Neema and Feng Shi and Attila Vizhanyo}},
  title         = {The Design of a Language for Model Transformations},
  pages         = {{261-288}},
  volume        = {5},
  month         = {Sep},
  year          = {2006},
  number        = {3}
}
@Article{mic:great2,
  journal       = {Journal of Universal Computer Science},
  author        = {G. Karsai and A. Agrawal and F. Shi},
  title         = {On the Use of Graph Transformations for the Formal Specification of Model Interpreters},
  pages         = {1296--1321},
  volume        = {9},
  month         = {November},
  year          = {2003},
  number        = {11}
}
@InCollection{mic:meta_lang,
  author        = {Matthew Emerson and Sandeep Neema and Janos Sztipanovits},
  title         = {Metamodeling Languages and Metaprogrammable Tools},
  editor        = {Insup Lee and Joseph Leung and Sang H. Son},
  year          = {2006},
  booktitle     = {Handbook of Real-Time and Embedded Systems},
  publisher     = {CRC Press}
}
@InProceedings{mic:metaprog,
  author        = {G. Karsai and A. Ledeczi and S. Neema and J. Sztipanovits},
  title         = {The Model-Integrated Computing Toolsuite: Metaprogrammable Tools for Embedded Control System Design},
  address       = {Munich, Germany},
  year          = {2006},
  booktitle     = {Proc. of the IEEE Joint Conference CCA, ISIC and CACSD}
}
@Article{mic:mic,
  journal       = {Proc. of the IEEE},
  author        = {Gabor Karsai and Janos Sztipanovits and Akos Ledeczi and Ted Bapty},
  title         = {Model-Integrated Development of Embedded Software},
  volume        = {91},
  month         = {Jan},
  year          = {2003},
  number        = {1}
}
@Article{mic:mof,
  journal       = {Journal of Universal Computer Science},
  author        = {M. Emerson and J. Sztipanovits and T. Bapty},
  title         = {A MOF-Based Metamodeling Environment},
  pages         = {1357-1382},
  volume        = {10},
  month         = {October},
  year          = {2004},
  number        = {10}
}
@Article{mic:overview,
  journal       = {Proc. of the IEEE},
  author        = {G. Karsai and J. Sztipanovits and A. Ledeczi and T. Bapty},
  title         = {Model-Integrated Development of Embedded Software},
  pages         = {145-164},
  volume        = {91},
  month         = {Jan},
  year          = {2003},
  number        = {1}
}
@InProceedings{mic:semunit_modtrans,
  series        = {LNCS},
  author        = {K. Chen and J. Sztipanovits and S. Abdelwahed and E. Jackson},
  title         = {Semantic Anchoring with Model Transformations},
  address       = {Nuremberg, Germany},
  pages         = {115-129},
  volume        = {3748},
  month         = {November},
  year          = {2005},
  booktitle     = {Proc. of European Conference on Model Driven Architecture-Foundations and Applications (ECMDA-FA)},
  publisher     = {Springer-Verlag}
}
@InProceedings{mic:semunit_ta,
  author        = {K. Chen and J. Sztipanovits and S. Abdelwahed},
  title         = {A Semantic Unit for Timed Automata Based Modeling Languages},
  pages         = {347-360},
  year          = {2006},
  booktitle     = {Proc. of RTAS'06}
}
@InProceedings{mic:semunits,
  author        = {K. Chen and J. Sztipanovits and S. Neema and M. Emerson and S. Abdelwahed},
  title         = {Toward a Semantic Anchoring Infrastructure for Domain-Specific Modeling Languages},
  address       = {Jersey City, New Jersey},
  pages         = {35-44},
  month         = {Sep},
  year          = {2005},
  booktitle     = {Proceedings of the Fifth ACM International Conference on Embedded Software (EMSOFT'05)}
}
@InProceedings{mic:semunits,
  author        = {K. Chen and J. Sztipanovits and S. Neema and M. Emerson and S. Abdelwahed},
  title         = {Toward a Semantic Anchoring Infrastructure for Domain-Specific Modeling Languages},
  address       = {Jersey City, New Jersey},
  pages         = {35-44},
  month         = {September},
  year          = {2005},
  booktitle     = {Proc. of the Fifth ACM International Conference on Embedded Software (EMSOFT'05)}
}
@Article{mic:sepofcon,
  journal       = {Proc. of the Fifth ACM International Conference on Embedded Software (EMSOFT'05)},
  author        = {E. K. Jackson and J. Sztipanovits},
  title         = {Using Separation of Concerns for Embedded Systems Design},
  pages         = {25-34},
  month         = {September},
  year          = {2005}
}
@Article{mic:StructuralSem,
  journal       = {Journal of Software and Systems Modeling},
  author        = {E. Jackson and J. Sztipanovits},
  title         = {Formalizing the Structural Semantics of Domain-Specific Modeling Languages},
  year          = {2009}
}
@InProceedings{mic:Toolsuite,
  author        = {G. Karsai and A. Ledeczi and S. Neema and J. Sztipanovits},
  title         = {The Model-Integrated Computing Toolsuite: Metaprogrammable Tools for Embedded Control System Design.},
  address       = {Munich, Germany},
  month         = {September},
  year          = {2006},
  booktitle     = {Proc. of the IEEE Joint Conference CCA, ISIC and CACSD}
}
@InProceedings{mic:udm,
  author        = {E. Magyari and A. Bakay and A. Lang and et al},
  title         = {{UDM: An Infrastructure for Implementing Domain-Specific Modeling Languages}},
  month         = {Oct},
  year          = {2003},
  booktitle     = {The 3rd OOPSLA Workshop on Domain-Specific Modeling}
}
@InProceedings{mic:verifgrtrans,
  author        = {{A. Narayanan and G. Karsai}},
  title         = {{Towards verifying model transformations}},
  pages         = {185-194},
  month         = {Apr},
  year          = {2006},
  booktitle     = {{5th International Workshop on Graph Transformation and Visual Modeling Techniques, 2006, Vienna, Austria}}
}
@Article{moc:dataflow_pn,
  journal       = {Proc. of the {IEEE}},
  author        = {Edward A. Lee and Thomas M. Parks},
  title         = {Dataflow Process Networks},
  pages         = {773--801},
  month         = {May},
  volume        = {83},
  year          = {1995},
  number        = {5}
}
@Article{moc:df_sync_lang,
  journal       = {{A Decade of Concurrency -- Reflections and Perspectives, LNCS 803}},
  author        = {Albert Benveniste and Paul Caspi and P. LeGuernic and Nicholas Halbwachs},
  editor        = {J.W. de Bakker and W.-P. de Roever and G. Rozenberg},
  title         = {{Data-flow Synchronous Languages}},
  address       = {Berlin},
  year          = {1994},
  publisher     = {Springer-Verlag}
}
@TechReport{moc:hsdf,
  author        = {Stavros Tripakis and Dai Bui and Marc Geilen and Bert Rodiers and Edward A. Lee},
  title         = {{Compositionality in Synchronous Data Flow: Modular Code Generation from Hierarchical SDF Graphs}},
  year          = {2010},
  number        = {{UCB/EECS-2010-52}},
  institution   = {Univ. of California, Berkeley}
}
@InProceedings{moc:kahn,
  author        = {Kahn, G.},
  title         = {The semantics of a simple language for parallel programming},
  address       = {Stockholm, Sweden},
  month         = {Aug},
  year          = {1974},
  booktitle     = {Information Processing 74, Proc. of IFIP Congress 74},
  editors       = {Jack L. Rosenfeld}
}
@InProceedings{moc:kpn,
  author        = {Gilles Kahn},
  title         = {The semantics of a simple language for parallel programming},
  address       = {North Holland, Amsterdam},
  booktitle     = {{Proc. of IFIP 74 Congress}},
  year          = {1974}
}
@InProceedings{moc:ltta,
  author        = {Albert Benveniste and Paul Caspi and Marco di Natale and Claudio Pinello and Alberto Sangiovanni-Vincentelli and Stavros Tripakis},
  title         = {Loosely time-triggered architectures based on communication-by-sampling},
  bdsk-url-1    = {http://doi.acm.org/10.1145/1289927.1289964},
  location      = {Salzburg, Austria},
  address       = {New York, NY, USA},
  pages         = {231--239},
  isbn          = {978-1-59593-825-1},
  year          = {2007},
  booktitle     = {EMSOFT '07: Proc. of the 7th ACM \& IEEE Intl. Conf. on Embedded Software},
  doi           = {http://doi.acm.org/10.1145/1289927.1289964},
  publisher     = {ACM}
}
@InProceedings{moc:ltta_part_sync,
  author        = {Paul Caspi and Albert Benveniste},
  title         = {Time-robust discrete control over networked Loosely Time-Triggered Architectures},
  address       = {Cancun, Mexico},
  month         = {Dec},
  year          = {2008},
  booktitle     = {{CDC '08: 47th IEEE Conf. on Decision and Control}}
}
@InProceedings{moc:ltta_variants,
  author        = {Albert Benveniste},
  title         = {Loosely Time-Triggered Architectures for Cyber-Physical Systems},
  address       = {Dresden},
  month         = {Mar},
  year          = {2010},
  booktitle     = {DATE 2010: Design, Automation, and Test Europe}
}
@Book{moc:scott,
  author        = {G. Gierz and K. H. Hofmann and K. Keimel and J. D. Lawson and M. W. Mislove and D. S. Scott},
  title         = {Continuous Lattices and Domains},
  address       = {Cambridge},
  year          = {2003},
  publisher     = {Cambridge University Press}
}
@Article{moc:sdf,
  journal       = {Proc. of the IEEE},
  author        = {E. A. Lee and D. G. Messerschmitt},
  title         = {Synchronous Data Flow},
  date-modified = {2009-09-04 14:50:08 -0500},
  pages         = {1235-1245},
  volume        = {75},
  year          = {1987},
  number        = {9}
}
@Article{moc:sdf_static_sched,
  journal       = {{IEEE} Trans. on Computers},
  author        = {Edward Lee and David Messerschmitt},
  title         = {Static Scheduling of Synchronous Data Flow Programs for Digital Signal Processing},
  pages         = {24--35},
  month         = {Jan},
  volume        = {C-36},
  year          = {1987},
  number        = {1}
}
@PhdThesis{moc:sdf_tokens,
  author        = {Joseph T. Buck},
  title         = {{Scheduling Dynamic Dataflow Graphs with Bounded Memory Using the Token Flow Model}},
  school        = {Univ. of California, Berkeley},
  keywords      = {Synchronous Dataflow},
  year          = {1993}
}
@InProceedings{moc:simulink_tta,
  author        = {Paul Caspi and Adrian Couric and Aude Maignan and Christos Sofronis and Stavros Tripakis and Peter Niebert},
  title         = {{From Simulink to SCADE/Lustre to TTA: A Layered Approach for Distributed Embedded Applications}},
  address       = {San Diego, CA},
  month         = {Jun},
  year          = {2003},
  booktitle     = {LCTES '03: Proc. of the 2003 ACM Conf. on Lang., Compilers, and Tools for Embedded Systems}
}
@Article{moc:starcharts,
  journal       = {{IEEE} Trans. on Computer-Aided Design of Integ. Circuits and Sys.},
  author        = {Alain Girault and Bilung Lee and Edward Lee},
  title         = {Hierarchical Finite State Machines with Multiple Concurrency Models},
  month         = {Jun},
  volume        = {18},
  year          = {1999},
  number        = {6}
}
@InProceedings{moc:sync_df_lang,
  series        = {LNCS 803},
  author        = {A. Benveniste and P. Caspi and P. Le Guernic and N. Halbwachs},
  title         = {Data-flow Synchronous Languages},
  address       = {Berlin},
  year          = {1994},
  booktitle     = {A Decade of Concurrency — Reflections and Perspectives},
  editors       = {J. W. de Bakker and W.-P. de Roever and G. Rozenberg},
  publisher     = {Springer-Verlag}
}
@Article{moc:sync_ltta,
  journal       = {{IEEE Trans. on Computers}},
  author        = {Stavros Tripakis and Claudio Pinello and Albert Benveniste and Albert Sangiovanni-Vincentelli and Paul Caspi and Marco Di Natale},
  title         = {Implementing Synchronous Models on Loosely Time Triggered Architectures},
  month         = {Oct},
  volume        = {57},
  number        = {10},
  year          = {2008}
}
@Book{moc:synchrony,
  author        = {Nicholas Halbwachs},
  title         = {Synchronous programming of reactive systems},
  address       = {Norwell, MA},
  year          = {1993},
  publisher     = {Kluwer Academic Publishers}
}
@Article{moc:synclang,
  journal       = {Proc. of the IEEE},
  author        = {A. Benveniste and P. Caspi and S. Edwards and N. Halbwachs and P. Le Guernic and R. de Simone},
  title         = {The Synchronous Languages Twelve Years Later.},
  pages         = {64-83},
  volume        = {91},
  year          = {2003},
  number        = {1}
}
@TechReport{moc:threads,
  author        = {E. A. Lee},
  title         = {The Problem with Threads},
  bdsk-url-1    = {http://www.eecs.berkeley.edu/Pubs/TechRpts/2006/EECS-2006-1.html},
  month         = {January 10},
  year          = {2006},
  number        = {UCB/EECS-2006-1},
  url           = {http://www.eecs.berkeley.edu/Pubs/TechRpts/2006/EECS-2006-1.html},
  institution   = {EECS Department, Univ. of California, Berkeley}
}
@TechReport{modeling:aadl,
  author        = {{AS-2 Embedded Computing Systems Committee}},
  title         = {{Architecture Analysis and Design Language (AADL)}},
  month         = {November},
  year          = {2004},
  number        = {AS5506},
  institution   = {Society of Automotive Engineers}
}
@TechReport{modeling:aadl_control_systems,
  author        = {{John Hudak and Peter Feiler}},
  title         = {{Developing AADL Models for Control Systems: A Practitioner's Guide}},
  year          = {2007},
  number        = {CMU/SEI-2007-TR-014},
  institution   = {CMU SEI}
}
@Article{modeling:actors,
  journal       = {Journal of Circuits, Systems, and Computers},
  author        = {Edward A. Lee and Stephen Neuendorffer and Michael J. Wirthlin},
  title         = {Actor-Oriented Design of Embedded Hardware and Software Systems.},
  ee            = {http://dx.doi.org/10.1142/S0218126603000751},
  bibsource     = {DBLP, http://dblp.uni-trier.de},
  pages         = {231-260},
  volume        = {12},
  year          = {2003},
  number        = {3}
}
@Article{modeling:consistency,
  journal       = {{ACM} Trans. in Embedded Comp. Sys. - Special Issue on the Synthesis of Cyber-Physical Systems ({SCPS})},
  author        = {Joseph Porter and Graham Hemingway and Harmon Nine and Nicholas Kottenstette and Chris vanBusKirk and Gabor Karsai and Janos Sztipanovits},
  title         = {{On Semantically Consistent Tool Integration in Model-Based Cyber-Physical Systems Design}},
  volume        = {submitted},
  year          = {2010},
  number        = {Feb}
}
@InProceedings{modeling:decos,
  author        = {Wolgang Herzner and Rupert Schlick et al},
  title         = {{Model-Based Development of Distributed Embedded Real-Time Systems with the DECOS Tool-Chain}},
  address       = {Los Angeles, CA, USA},
  month         = {Sep},
  year          = {2007},
  booktitle     = {Proc. of SAE 2007 AeroTech Congress \& Exhibition}
}
@InProceedings{modeling:domain,
  author        = {Michael Jackson and Pamela Zave},
  title         = {Domain Descriptions},
  pages         = {56--64},
  year          = {1993},
  booktitle     = {Proc. of the IEEE Conference on Requirements Engineering}
}
@Article{modeling:dsm,
  journal       = {Software and System Modeling},
  author        = {Robert B. France and Bernhard Rumpe},
  title         = {Domain specific modeling},
  pages         = {1-3},
  volume        = {4},
  year          = {2005},
  number        = {1}
}
@TechReport{modeling:eclipseemf,
  author        = {{The Eclipse Modeling Framework}},
  title         = {{www.eclipse.org/emf/}}
}
@InProceedings{modeling:esmol,
  author        = {Joseph Porter and Gabor Karsai and Peter Volgyesi and Harmon Nine and Peter Humke and Graham Hemingway and Ryan Thibodeaux and Janos Sztipanovits},
  title         = {Towards Model-Based Integration of Tools and Techniques for Embedded Control System Design, Verification, and Implementation},
  address       = {Toulouse, France},
  year          = {2009},
  booktitle     = {Workshops and Symposia at MoDELS 2008 (ACES-MB), LNCS 5421},
  publisher     = {Springer}
}
@Article{modeling:giotto3,
  journal       = {Proc. of the IEEE},
  author        = {Thomas Henzinger and Benjamin Horowitz and Christoph Kirsch},
  title         = {Giotto: A time-triggered language for embedded programming},
  bdsk-url-1    = {http://www.gigascale.org/pubs/397.html},
  pages         = {84-99},
  volume        = {91},
  month         = {Jan},
  year          = {2003},
  url           = {http://www.gigascale.org/pubs/397.html}
}
@Article{modeling:heirgrtrans,
  journal       = {J. Comput. Syst. Sci.},
  author        = {Frank Drewes and Berthold Hoffmann and Detlef Plump},
  title         = {Hierarchical Graph Transformation.},
  ee            = {http://dx.doi.org/10.1006/jcss.2001.1790},
  bibsource     = {DBLP, http://dblp.uni-trier.de},
  pages         = {249-283},
  volume        = {64},
  year          = {2002},
  number        = {2}
}
@Article{modeling:hfsm,
  journal       = {IEEE Transactions on Computer-Aided Design of Integrated Circuits and Systems},
  author        = {Alain Girault and Bilung Lee and Edward A. Lee},
  title         = {Hierarchical finite state machines with multiple concurrency models},
  pages         = {742--760},
  volume        = {18},
  month         = {June},
  year          = {1999},
  number        = {6}
}
@InProceedings{modeling:hybrid_abs,
  author        = {Alessandro Pinto and Luca Carloni and Roberto
 Passerone and Alberto Sangiovanni-Vincentelli},
  editor        = {Joao Hespanha and Ashish Tiwari},
  title         = {Interchange Formats for Hybrid Systems: Abstract Semantics},
  pages         = {491-506},
  month         = {Mar},
  year          = {2006},
  booktitle     = {Hybrid Systems: Computation and Control}
}
@InProceedings{modeling:interface,
  author        = {L. de Alfaro and T.A. Henzinger},
  title         = {Interface-Based Design},
  year          = {2004},
  booktitle     = {In Engineering Theories of Software Intensive Systems, proceedings of the Marktoberdorf Summer School, Kluwer},
  publisher     = {Kluwer}
}
@Misc{modeling:kermeta,
  author        = {IRISA},
  title         = {Kermeta Metamodeling Tools},
  howpublished  = {http://www.kermeta.org}
}
@InBook{modeling:lustre1,
  author        = {Dongchul Park},
  chapter       = {Translation of Safety-Critical Software Requirements Specification to Lustre},
  title         = {Innovations and Advanced Techniques in Computer and Information Sciences and Engineering},
  pages         = {157--162},
  year          = {2007},
  publisher     = {Springer Netherlands}
}
@Article{modeling:lustre2,
  journal       = {ACM Trans. Embed. Comput. Syst.},
  author        = {Tripakis, Stavros and Sofronis, Christos and Caspi, Paul and Curic, Adrian},
  title         = {Translating discrete-time simulink to lustre},
  issn          = {1539-9087},
  address       = {New York, NY, USA},
  pages         = {779--818},
  volume        = {4},
  year          = {2005},
  number        = {4},
  doi           = {http://doi.acm.org/10.1145/1113830.1113834},
  publisher     = {ACM}
}
@Misc{modeling:mda,
  author        = {Jean Bezivin and et al.},
  title         = {Towards a Precise Definition of the OMG/MDA Framework},
  text          = {J. Bezivin and O. Gerbe. Towards a Precise Definition of the OMG/MDA FrameWork. In Proc. of the 16th Conference on Automated Software Engineering, pages 273--280, San Diego, USA, November 2001. IEEE Computer Society Press.},
  bdsk-url-1    = {citeseer.ist.psu.edu/bezivin01towards.html},
  year          = {2001},
  url           = {citeseer.ist.psu.edu/bezivin01towards.html}
}
