
%
%  $Description: Sample bibliography$
%
%  $Author: ienne $
%  $Date: 1995/09/15 15:19:53 $
%  $Revision: 1.3 $
%

@article{tinyos,
    author = "P. Levis and S. Madden and J. Polastre and R. Szewczyk and K. Whitehouse and A. Woo and D. Gay and J. Hill and M. Welsh and E. Brewer and D. Culler",
    title = "TinyOS: An operating system for wireless sensor networks",
    journal = "Ambient Intelligence, Springer-Verlag",
    year = 2005,
}

@misc{xilinx:ise,
    title   = "{Xilinx ISE HDL Design Environment}",
    howpublished = "http://www.xilinx.com/",
    }

@misc{isis:gme,
				author 	= "ISIS, Vanderbilt University",
        title       = "{Generic Modeling Environment}",
        howpublished = "http://repo.isis.vanderbilt.edu/"
        }
        
@misc{TTTech,
		title	= "{TTTech TTP/C Cluster}",
		howpublished = "http://www.tttech.com/"
		}

@techreport{AADL,
		author="{AS-2 Embedded Computing Systems Committee}",
		title={Architecture Analysis and Design Language (AADL)},
		institution={Society of Automotive Engineers},
		year={2004},
		month={November},
		number={AS5506}
}
		

@article{isis:great,
    author = "{Aditya Agrawal and Gabor Karsai and Sandeep Neema and Feng Shi and Attila Vizhanyo}",
    title = "The Design of a  Language for Model Transformations",
    journal = "Journal on Software and System Modeling",
    year = "2006",
    month = "Sep",
    pages = "{261-288}",
    volume = "5",
    number = "3"
        }

@misc{gecode,
				author = "C. Schulte and M. Lagerkvist and G. Tack",
        title       = "{Gecode: Generic Constraint Development Environment}",
        howpublished = "http://www.gecode.org/"
        }

@misc{kc:xuml,
				author = "Kennedy Carter Ltd.",
        title   = "{Kennedy-Carter Excecutable UML (xUML)}",
        howpublished = "http://www.kc.com/xuml.php"
        }

@misc{mathworks:tools,
				author = "The Mathworks, Inc.",
        title       = "{Simulink/Stateflow Tools}",
        howpublished = "http://www.mathworks.com"
        }

@misc{ucb:ptolemy2,
		author = "UCB",
    title   = "{Ptolemy II}",
    howpublished = {\url{http://ptolemy.berkeley.edu/ptolemyII/}}
    }

@misc{UPPAAL,
	author = "{Basic Research in Computer Science (Aalborg Univ.) / Dept. of Information Technology (Uppsala Univ.)}",
	title = {UPPAAL},
	howpublished={http://www.uppaal.com/},
	note={Integrated tool environment for modeling, validation and verification of real-time systems.}
}

@inproceedings{ZhouLeungLee2007,
    author = "{Gang Zhou, Man-Kit Leung, and Edward A. Lee}",
    title = "{A Code Generation Framework for Actor-Oriented
              Models with Partial Evaluation}",
    booktitle = "{Proceedings of International Conference on
              Embedded Software and Systems 2007, LNCS 4523}",
    editor = "{Y.-H. Lee et al.}",
    pages = {786-799},
    month = {May},
    year = {2007},
    URL = {http://chess.eecs.berkeley.edu/pubs/251.html}
}

@article{ sw:offlinescheduling,
    author =            "K. Schild and J. W{\"u}rtz",
    title =             "Scheduling of Time-Triggered Real-Time Systems",
    journal =           "Constraints",
    volume =            "5",
    number =            "4",
    year =              "2000",
    month =             "Oct.",
    pages =             "335-357",
    publisher =     "Kluwer Academic Publishers"
    }

@article{ kopetz:2000-23,
  author =       "Hermann Kopetz and Michael Holzmann and Wilfried Elmenreich",
  title =        "A Universal Smart Transducer Interface: TTP/A",
  journal =      "International Journal of Computer System, Science, and Engineering",
  volume =       "16",
  number =       "2",
  year =         "2001",
  month =        "Mar.",
  url = "citeseer.ist.psu.edu/kopetz00universal.html" }

@article{henzinger01giotto,
    author =            "Thomas A. Henzinger and Benjamin Horowitz and Christoph Meyer Kirsch",
    title =             "Giotto: {A} Time-Triggered Language for Embedded Programming",
    journal =       "Lecture Notes in Computer Science",
    volume =            "2211",
    pages =             "166--184",
    year =              "2001",
    url = "citeseer.ist.psu.edu/henzinger00giotto.html" }

@incollection{HenSif:2006,
        author="T.A. Henzinger and J. Sifakis",
        title="The embedded systems design challenge",
        booktitle="FM: Formal Methods",
    series="Lecture Notes in Computer Science 4085",
    publisher="Springer",
        year="2006",
        pages="1--15"
        }

@misc{altera:quartus,
		author = "Altera",
    title   = "{Quartus HDL Design Environment}",
    howpublished = "http://www.altera.com/",
    }

@misc{gcc,
		author = "Free Software Foundation",
    title = "{GCC, the GNU Compiler Collection}",
    howpublished = "http://gcc.gnu.org/",
    }

@book{stateflow,
    author="The Mathworks, Inc.",
    title="Stateflow and Stateflow Coder 7 User's Guide",
    publisher="The Mathworks, Inc.",
    year="2007"
    }

@book{harel:statecharts,
    author="{D. Harel and M. Politi}",
    title = "{Modeling Reactive Systems with Statecharts: The STATEMATE Approach}",
    publisher ="McGraw-Hill",
    year="1998"
    }

@article{alberto:2002,
    author = "{Sangiovanni-Vincentelli, A.}",
    title = "{Defining Platform-based Design}",
    journal = "{EEDesign of EETimes}",
    month = "{February}",
    year = {2002},
    URL = {http://www.gigascale.org/pubs/141.html}
}

@techreport{Lee:M97/11,
    Author = {Edward A. Lee and Alberto L. Sangiovanni-Vincentelli},
    Title = {A Denotational Framework for Comparing Models of Computation},
    Institution = {EECS Department, University of California, Berkeley},
    Year = {1997},
    URL = {http://www.eecs.berkeley.edu/Pubs/TechRpts/1997/3183.html},
    Number = {UCB/ERL M97/11}
}

@techreport{KS:ISIS-04-505,
		Author = {Sandeep Neema and Gabor Karsai},
		Title = "Embedded Control Systems Language for Distributed Processing ({ECSL-DP})",
		Institution = {Institute for Software Integrated Systems, Vanderbilt University},
		Year = {2004},
		URL = {http://www.isis.vanderbilt.edu/publications/archive/Neema_S_5_12_2004_Embedded_C.pdf},
		Number = {ISIS-04-505}
}

@inproceedings{ananth:2006,
    author = "{A. Narayanan and G. Karsai}",
    title = "{Towards verifying model transformations}",
    booktitle = "{5th International Workshop on Graph
                  Transformation and Visual Modeling Techniques, 2006, Vienna, Austria}",
    editor = "{R. Bruni and D. Varró}",
    pages = {185-194},
    month = {Apr},
    year = {2006},
}

@article{HenGiotto,
    author 				= {Thomas Henzinger and Benjamin Horowitz and Christoph Kirsch},
    title 				= {Giotto: A time-triggered language for embedded programming},
    journal 			= {Proceedings of the IEEE},
    volume 				= {91},
    pages 				= {84-99},
    month				= {January},
    year 				= {2003},
    URL 				= {http://www.gigascale.org/pubs/397.html}
}    

@manual{DEVSpp,
	TITLE 					= {DEVS++: C++ Open Source Library of DEVS Formalism},
	author 					= {Moon Ho Hwang},
	address 				= {http://odevspp.sourceforge.net/},
	edition 				= {first},
	month 					= {May},
	year 					= {2007}
}

@book{kopetzRT,
	author					= {Hermann Kopetz},
	title					= {Real-Time Systems: Design Principles for Distributed Embedded Applications},
	publisher				= {Kluwer Academic Publishers},
	address					= {Boston},
	year					= {1997}
}
	 

@article{kopetz:2001-22a,
  author =       "Hermann Kopetz and G{\"u}nther Bauer",
  title =        "The Time-Triggered Architecture",
  journal =      "Proceedings of the {IEEE}, Special Issue on Modeling and Design of Embedded Software",
  year =         "2001",
  month =        "Oct",
  url = "citeseer.ist.psu.edu/kopetz88timetriggered.html" }

@article{kopetz:2001-22b,
  title 			    = {The {T}ime-{T}riggered {A}rchitecture},
  author 				= {Hermann Kopetz and G{\"u}nther Bauer},
  journal 				= {Proceedings of the IEEE},
  year 					= {2003},
  month				 	= {Jan},
  volume 				= {91},
  number 				= {1},
  pages 				= {112--126},
}

@article{TTPC,
 author 					= {Hermann Kopetz and G\"{u}nter Gr\"{u}nsteidl},
 title 						= {TTP-A Protocol for Fault-Tolerant Real-Time Systems},
 journal					= {Computer},
 volume 					= {27},
 number 					= {1},
 year 						= {1994},
 issn 						= {0018-9162},
 pages 						= {14--23},
 doi 						= {http://dx.doi.org/10.1109/2.248873},
 publisher					= {IEEE Computer Society Press},
 address 					= {Los Alamitos, CA, USA},
 }

@article{kopetz:2000-23,
  author 					= {Hermann Kopetz and Michael Holzmann and Wilfried Elmenreich},
  title 					= {A Universal Smart Transducer Interface: TTP/A},
  journal					= {International Journal of Computer System Science $\&$ Engineering},
  volume 					= {16},
  number 					= {2},
  year 						= {2001},
  month 					= {Mar.},
  url 						= {citeseer.ist.psu.edu/kopetz00universal.html}
}
 
@article{karsai:mic,
  author 					= {Gabor Karsai and Janos Sztipanovits and Akos Ledeczi and Ted Bapty},
  title 					= {Model-Integrated Development of Embedded Software},
  journal					= {Proceedings of the IEEE},
  volume 					= {91},
  number 					= {1},
  year 						= {2003},
  month 					= {Jan.}
}

@techreport{Lee_ASV,
  Author 					= {Edward A. Lee and Alberto L. Sangiovanni-Vincentelli},
  Title 					= {A Denotational Framework for Comparing Models of Computation},
  Institution				= {EECS Department, University of California, Berkeley},
  Year 						= {1997},
  URL 						= {http://www.eecs.berkeley.edu/Pubs/TechRpts/1997/3183.html},
  Number 					= {UCB/ERL M97/11}
}

@manual{adevs,
	title 					= {Adevs (A Discrete EVent System simulator) C++ Library},
	author 					= {Jim Naruto},
	year 					= {2008},
	address					= {http://www.ornl.gov/$\sim$1qn/adevs/index.html}
}

@misc{Vang_Comm,
	title					= {Personal Communication with {D}r. {G}\'{a}bor {K}arsai},
	author					= {Hans Vangheluwe},
	year					= {2006}
}

@book{Zeig76,
  author    			= {Bernard P. Zeigler},
  title     			= {Theory of Modeling and Simulation},
  publisher 			= {John Wiley},
  year      			= {1976}
}

@book{Zeig00,
 	author 					= {Bernard P. Zeigler and Tag Gon Kim and Herbert Praehofer},
 	title 					= {Theory of Modeling and Simulation},
 	year 					= {2000},
 	isbn 					= {0127784551},
 	publisher				= {Academic Press, Inc.},
 	address 				= {Orlando, FL, USA}
 }
 
@manual{DEVSJAVA,
	TITLE 					= {Introduction to DEVS Modeling and Simulation with JAVA. DEVSJAVA Manual},
	author 					= {Bernard P. Zeigler and Hessam S. Sarjoughian},
	address 				= {http://odevspp.sourceforge.net/},
	year 					= {2003},
	website					= {www.acims.arizona.edu/PUBLICATIONS/publications.shtml}
}

@misc{TK_TMR,
    author 				= {Ryan Thibodeaux and G\'{a}bor Karsai},
    title 				= {Model-Based Specification and Implementation of a Model of Computation},
    month				= {February},
    year 				= {2008},
    howpublished	= {In preparation for ECMDA 2008}
}

@mastersthesis{RT_Thesis,
		author	= {Ryan Thibodeaux},
		title 	= {The Specification and Implementation of a Model of Computation},
		month 	= {May},
		year		= {2008},
		school  = {Vanderbilt University}
}
		

@manual{ TrueTime,
	author = {Martin Ohlin and Dan Henriksson and Anton Cervin},
	title = {TrueTime 1.5 Reference Manual},
	organization = {Dept. of Automatic Control, Lund University}, 
	address = {Sweden}, 
	year = {2007},
	month = {January},
	note  = {http://www.control.lth.se/truetime/}
}

@inproceedings{ UDM,
	author={E. Magyari and A. Bakay and A. Lang and et al},
	title={UDM: An Infrastructure for Implementing Domain-Specific Modeling Languages}, 
	booktitle={The 3rd OOPSLA Workshop on Domain-Specific Modeling},
	year={2003},
	month={October}
}

@incollection{ Z1,
	author={Jean-Raymond Abrial and Stephen A. Schuman and Bertrand Meyer},
	title={A Specification Language}, 
	booktitle={On the Construction of Programs}, 
	publisher={Cambridge University Press},
	editor={A. M. Macnaghten and R. M. McKeag},
	year={1980},
	note={(describes an early version of the Z language)}
}

@manual{ Z2,
	title={Information Technology  Z Formal Specification Notation  Syntax, Type System and Semantics},
	organization ={ISO/IEC},
	year={2002},
	month={July},
	note={13568:2002}
}

@book{ Borger,
	author={Egon B{\"o}rger and Robert St{\"a}rk},
	title={Abstract State Machines: A Method for High-Level System Design and Analysis},
	publisher={Springer-Verlag},
	year={2003}
}

@manual{ DO178B,
	title={DO-178B: Software Considerations in Airborne Systems and Equipment Certification},
	organization={RTCA, Inc.},
	address={1828 L St. NW, Ste. 805, Washington, D.C. 20036},
	month={December},
	year={1992},
	note={Prepared by: RTCA SC-167}
}

@inproceedings{ TASM,
	author={Ouimet, M. and Lundqvist, K.},
	title={The Timed Abstract State Machine Language: An Executable Specification Language for Reactive Real-Time Systems},
	booktitle={Proceedings of the 15th International Conference on Real-Time and Network Systems (RTNS '07)}, 
	month={March},
	year={2007},
	address={Nancy, France}
}

@inproceedings{ TASM_SAT,
	author={Ouimet, M. and Lundqvist, K.},
	title={Automated Verification of Completeness and Consistency of Abstract State Machine Specifications using a SAT Solver}, 
	booktitle={3rd International Workshop on Model-Based Testing (MBT '07), Satellite of ETAPS '07}, 
	address={Braga, Portugal}, 
	month={April},
	year={2007}
}

@inproceedings{ ASM_SPIN,
	author={Angelo Gargantini and Elvinia Riccobene and Salvatore Rinzivillo},
	title={Using SPIN to Generate Tests From ASM Specifications},
	booktitle={Abstract State Machines 2003: Advances in Theory and Practice, 10th
               International Workshop},
	pages={263-277},
	publisher = {Springer},
  series    = {Lecture Notes in Computer Science},
  volume    = {2589},
  month 		= {March},
  year      = {2003},
  isbn      = {3-540-00624-9},
  bibsource = {DBLP, http://dblp.uni-trier.de}
}

@inproceedings{ SU_TA,
	author ={K. Chen and J. Sztipanovits and S. Abdelwahed},
	title={A Semantic Unit for Timed Automata Based Modeling Languages},
	booktitle={Proceedings of RTAS'06}, 
	pages={347-360}, 
	year={2006}
}

@inproceedings{ SU_SA,
	author={K. Chen and J. Sztipanovits and S. Neema and M. Emerson and S. Abdelwahed},
	title={Toward a Semantic Anchoring Infrastructure for Domain-Specific Modeling Languages}, 
	booktitle={Proceedings of the Fifth ACM International Conference on Embedded Software (EMSOFT'05)},
	pages={35-44}, 
	address={Jersey City, New Jersey}, 
	month={September},
	year={2005}
}

@inproceedings{ SU_MT,
	author={K. Chen and J. Sztipanovits and S. Abdelwahed and E. Jackson},
	title={Semantic Anchoring with Model Transformations},
	booktitle={Proceedings of European Conference on Model Driven Architecture-Foundations and Applications (ECMDA-FA)},
	address={Nuremberg, Germany}, 
	month={November},
	year={2005},
	series={Lecture Notes in Computer Science}, 
	volume={3748},
	pages={115-129}, 
	publisher={Springer-Verlag}
}

@article{ Pathfinder,
	author={W. Visser and K. Havelund and G. Brat and S. Park and F. Lerda},
	title={Model Checking Programs},
	journal={Automated Software Engineering Journal},
	volume={10}, 
	number={2}, 
	month={April},
	year={2003}
}

@article{ CMU_Magic,
	author={Sagar Chaki and Edmund Clarke and Alex Groce and Somesh Jha and Helmut Veith},
	title={Modular Verification of Software Components in C},
	journal={IEEE Transactions on Software Engineering (TSE)},
	volume={30},
	number={6},
	pages={388--402},
	month={June},
	year={2004},
	note={http://www.cs.cmu.edu/~chaki/magic/}
}

@inproceedings{ Stanford_Saturn,
	author={Y. Xie and A. Aiken},
	title={Saturn: A SAT-Based Tool for Bug Detection},
	booktitle={Proceedings of the 17th International Conference on Computer Aided Verification},
	pages={139--143},
	month={January},
	year={2005},
	notes={http://saturn.stanford.edu/}
}

@article{ LMITrunc,
	author={J. Skaf and S. Boyd},
	title={Controller Coefficient Truncation Using Lyapunov Performance
Certificate},
	journal={IEEE Transactions on Automatic Control (in review)},
	month={December},
	year={2006}
}

@inproceedings{ LMINetwork,
  author={A. Bhave and B. H. Krogh}, 
  title={Performance Bounds on State-Feedback Controllers with Network Delay},
  booktitle={IEEE Conference on Decision and Control, 2008 (submitted)},
  month={December},
  year={2008}
}

@INPROCEEDINGS{BasuBozgaSifakis07,
  author = {Ananda Basu and Marius Bozga and Joseph Sifakis},
  title = {Modeling Heterogeneous Real-time Components in {BIP}},
  booktitle = {SEFM '06: Proceedings of the Fourth IEEE International Conference on Software Engineering and Formal Methods},
  year = {2006},
  pages = {3--12},
  publisher = {IEEE Computer Society},
  address = {Washington, DC, USA},
  url = {papers/Basu-Bozga-Sifakis-06.pdf}
}

