%% This BibTeX bibliography file was created using BibDesk.
%% http://bibdesk.sourceforge.net/


%% Created for Graham Hemingway at 2010-02-16 15:35:15 -0600 


%% Saved with string encoding Unicode (UTF-8) 



@conference{hsslhbcllss_07,
	Author = {W. Herzner and R. Schlick and M. Schlager and B. Leiner and B. Huber and A. Balogh and G. Csertan and A. LeGuennec and T. LeSergent and N. Suri},
	Booktitle = {Proceedings of of 2007 SAE AeroTech Congress \& Exhibition},
	Date-Added = {2010-02-15 14:48:40 -0600},
	Date-Modified = {2010-02-15 14:50:17 -0600},
	Keywords = {Modeling},
	Organization = {Citeseer},
	Title = {Model-based development of distributed embedded real-time systems with the DECOS tool-chain},
	Year = {2007}}

@conference{coh_07,
	Author = {A. Cervin and M. Ohlin and D. Henriksson},
	Booktitle = {Proc. 3rd International Workshop on Networked Control Systems: Tolerant to Faults},
	Date-Added = {2010-02-15 10:48:37 -0600},
	Date-Modified = {2010-02-15 10:49:00 -0600},
	Keywords = {TrueTime},
	Title = {Simulation of networked control systems using TrueTime},
	Year = {2007}}

@conference{ffpt_05,
	Author = {Farcas, E. and Farcas, C. and Pree, W. and Templ, J.},
	Booktitle = {Proceedings of the 2005 ACM SIGPLAN/SIGBED conference on Languages, Compilers, and Tools for Embedded Systems},
	Date-Added = {2010-02-15 10:26:20 -0600},
	Date-Modified = {2010-02-15 10:26:49 -0600},
	Keywords = {Modeling},
	Organization = {ACM New York, NY, USA},
	Pages = {31--39},
	Title = {Transparent distribution of real-time components based on logical execution time},
	Year = {2005}}

@article{bwhlps_03,
	Author = {F. Balarin and Y. Watanabe and H. Hsieh and L. Lavagno and C. Passerone and A. Sangiovanni-Vincentelli},
	Date-Added = {2010-02-15 09:13:17 -0600},
	Date-Modified = {2010-02-15 09:14:29 -0600},
	Journal = {Computer},
	Keywords = {Modeling},
	Month = {April},
	Number = {4},
	Pages = {45--52},
	Publisher = {IEEE Computer Society},
	Title = {Metropolis: An integrated electronic system design environment},
	Volume = {36},
	Year = {2003}}

@article{hf_07,
	Author = {J. Hudak and P. Feiler},
	Date-Added = {2010-02-15 09:07:24 -0600},
	Date-Modified = {2010-02-15 09:10:42 -0600},
	Journal = {Technical Report CMU/SEI-2007-TR-014, Software Engineering Institute (SEI)},
	Keywords = {Modeling},
	Title = {Developing aadl models for control systems: A practitioner's guide},
	Year = {2007}}

@book{grotker_02,
	Author = {T. Grotker},
	Date-Added = {2010-02-15 09:05:31 -0600},
	Date-Modified = {2010-02-15 09:05:55 -0600},
	Keywords = {SystemC},
	Publisher = {Kluwer Academic Publishers Norwell, MA, USA},
	Title = {System design with SystemC},
	Year = {2002}}

@conference{vv_05,
	Author = {P. Van den Bosch and E. Van de Waal},
	Booktitle = {Proceedings of INCOSE Symposium},
	Date-Added = {2010-02-12 10:41:53 -0600},
	Date-Modified = {2010-02-12 10:43:19 -0600},
	Keywords = {TrueTime},
	Title = {{A case study of multi-disciplinary modelling using matlab/simulink and truetime}},
	Year = {2005}}

@misc{tools:gecode,
	Author = {C. Schulte and M. Lagerkvist and G. Tack},
	Howpublished = {http://www.gecode.org/},
	Title = {{Gecode: Generic Constraint Development Environment}}}

@article{sched:offline,
	Author = {K. Schild and J. W{\"u}rtz},
	Journal = {Constraints},
	Month = {Oct.},
	Number = {4},
	Pages = {335-357},
	Publisher = {Kluwer Acad. Pub.},
	Title = {Scheduling of Time-Triggered Real-Time Systems},
	Volume = {5},
	Year = {2000}}

@inproceedings{pks_09,
	Address = {New York, NY, USA},
	Author = {J. Porter and G. Karsai and J. Sztipanovits},
	Booktitle = {EMSOFT '09: Proceedings of the seventh ACM international conference on Embedded software},
	Date-Added = {2010-02-10 13:36:24 -0600},
	Date-Modified = {2010-02-10 13:44:07 -0600},
	Doi = {http://doi.acm.org/10.1145/1629335.1629358},
	Isbn = {978-1-60558-627-4},
	Keywords = {ESMoL},
	Location = {Grenoble, France},
	Pages = {167--176},
	Publisher = {ACM},
	Title = {Towards a time-triggered schedule calculation tool to support model-based embedded software design},
	Year = {2009},
	Bdsk-Url-1 = {http://doi.acm.org/10.1145/1629335.1629358}}

@article{hhk_01,
	Author = {T.A. Henzinger and B. Horowitz and C.M. Kirsch},
	Date-Added = {2010-02-10 10:49:16 -0600},
	Date-Modified = {2010-02-10 10:51:07 -0600},
	Journal = {Lecture Notes in Computer Science},
	Keywords = {TTA},
	Pages = {166-184},
	Title = {Giotto: A time-triggered language for embedded programming.},
	Volume = {2211},
	Year = {2001}}

@conference{hca_03,
	Author = {D. Henriksson and A. Cervin and K.E. {\AA}rz{\'e}n},
	Booktitle = {Proceedings of the Nordic MATLAB Conference, Copenhagen, Denmark},
	Date-Added = {2010-02-08 10:14:22 -0600},
	Date-Modified = {2010-02-08 10:14:54 -0600},
	Keywords = {TrueTime},
	Title = {TrueTime: Real-time control system simulation with MATLAB/Simulink},
	Year = {2003}}

@conference{chla_02,
	Author = {A. Cervin and D. Henriksson and B. Lincoln and K. Arzen},
	Booktitle = {Proceedings of the 2nd Workshop on Real-Time Tools},
	Date-Added = {2010-02-08 10:01:51 -0600},
	Date-Modified = {2010-02-12 10:32:16 -0600},
	Keywords = {TrueTime},
	Title = {Jitterbug and TrueTime: Analysis Tools for Real-Time Control Systems},
	Year = {2002}}

@conference{pvknks_09,
	Author = {J. Porter and P. Volgyesi and N. Kottenstette and H. Nine and G. Karsai and J. Sztipanovits},
	Booktitle = {Proceedings of the 2009 IEEE/IFIP International Symposium on Rapid System Prototyping},
	Date-Added = {2010-02-08 09:58:08 -0600},
	Date-Modified = {2010-02-12 10:36:55 -0600},
	Keywords = {ESMoL},
	Organization = {IEEE Computer Society},
	Pages = {3--10},
	Title = {An Experimental Model-Based Rapid Prototyping Environment for High-Confidence Embedded Software},
	Volume = {0},
	Year = {2009}}

@conference{ccmstn_03,
	Author = {P. Caspi and A. Curic and A. Maignan and C. Sofronis and S. Tripakis and P. Niebert},
	Booktitle = {Proceedings of the 2003 ACM SIGPLAN conference on Language, compiler, and tool for embedded systems},
	Date-Added = {2010-02-08 09:52:08 -0600},
	Date-Modified = {2010-02-12 10:30:59 -0600},
	Keywords = {TTA},
	Organization = {ACM New York, NY, USA},
	Pages = {153--162},
	Title = {From Simulink to SCADE/Lustre to TTA: a Layered Approach for Distributed Embedded Applications},
	Year = {2003}}

@techreport{kp_08,
	Author = {N. Kottenstette and J. Porter},
	Date-Added = {2010-02-08 09:49:50 -0600},
	Date-Modified = {2010-02-08 09:51:02 -0600},
	Institution = {Vanderbilt University},
	Keywords = {Passivity},
	Title = {Digital Passive Attitutde and Altitude Control Schemes for Quadrotor Aircraft},
	Year = {2008}}

@article{sknnptv_07,
	Author = {J. Sztipanovits and G. Karsai and S. Neema and H. Nine and J. Porter and R. Thibodeaux and P. Volgyesi},
	Date-Added = {2010-02-08 09:27:34 -0600},
	Date-Modified = {2010-02-08 09:29:11 -0600},
	Keywords = {ESMoL},
	Title = {Towards a Model-based Toolchain for the High-Confidence Design of Embedded Systems},
	Year = {2007}}

@conference{pkvnhhts_08,
	Author = {J. Porter and G. Karsai and P. Volgyesi and H. Nine and P. Humke and G. Hemingway and R. Thibodeaux and J. Sztipanovits},
	Booktitle = {Workshops and Symposia at MoDELS 2008},
	Date-Added = {2010-02-08 09:25:31 -0600},
	Date-Modified = {2010-02-15 11:04:09 -0600},
	Keywords = {ESMoL},
	Pages = {20--34},
	Series = {LNCS},
	Title = {Towards Model-based Integration of Tools and Techniques for Embedded Control System Design, Verification, and Implementation},
	Volume = {5421},
	Year = {2008}}

@mastersthesis{thibodeaux_08,
	Author = {R. Thibodeaux},
	Date-Added = {2010-02-08 09:21:12 -0600},
	Date-Modified = {2010-02-08 09:21:59 -0600},
	Keywords = {ESMoL},
	School = {Vanderbilt University},
	Title = {The Specification and Implementation of a Model of Computation},
	Year = {2008}}

@webpage{Simulink,
	Author = {Mathworks},
	Date-Added = {2010-02-08 09:20:10 -0600},
	Date-Modified = {2010-02-08 10:19:28 -0600},
	Journal = {The Mathworks, Inc.},
	Title = {Simulink/Stateflow Tools.},
	Url = {http://www.mathworks.com},
	Bdsk-Url-1 = {http://www.mathworks.com}}

@book{liu_00,
	Author = {J. Liu},
	Date-Added = {2010-02-03 08:11:30 -0600},
	Date-Modified = {2010-02-03 08:12:18 -0600},
	Keywords = {Real-Time},
	Publisher = {Prentice Hall},
	Title = {Real-Time Systems},
	Year = {2000}}

@article{lva_04,
	Author = {J. de Lara and H. Vangheluwe and M. Al},
	Date-Added = {2010-02-02 15:07:04 -0600},
	Date-Modified = {2010-02-09 08:51:39 -0600},
	Keywords = {Modeling},
	Title = {Meta-modelling and graph grammars for multi-paradigm modelling in AToM3},
	Year = {2004},
	Bdsk-File-1 = {YnBsaXN0MDDUAQIDBAUIJidUJHRvcFgkb2JqZWN0c1gkdmVyc2lvblkkYXJjaGl2ZXLRBgdUcm9vdIABqAkKFRYXGyIjVSRudWxs0wsMDQ4RFFpOUy5vYmplY3RzV05TLmtleXNWJGNsYXNzog8QgASABqISE4ACgAOAB1lhbGlhc0RhdGFccmVsYXRpdmVQYXRo0hgNGRpXTlMuZGF0YU8RAcIAAAAAAcIAAgAADE1hY2ludG9zaCBIRAAAAAAAAAAAAAAAAAAAAMT59JlIKwAAAINcxApsdmFfMDQucGRmAAAAAAAAAAAAAAAAAAAAAAAAAAAAAAAAAAAAAAAAAAAAAAAAAAAAAAAAAAAAAAAAAAAAAAAAg1zzxihnxAAAAAAAAAAAAAUABAAACSAAAAAAAAAAAAAAAAAAAAAKQmFja2dyb3VuZAAQAAgAAMT6OukAAAARAAgAAMYorhQAAAABABgAg1zEAINcvwAOh6QACkqvAApKmAAAe9gAAgBTTWFjaW50b3NoIEhEOlVzZXJzOmdoZW1pbmd3YXk6RG9jdW1lbnRzOlJlc2VhcmNoOkRpc3NlcnRhdGlvbjpCYWNrZ3JvdW5kOmx2YV8wNC5wZGYAAA4AFgAKAGwAdgBhAF8AMAA0AC4AcABkAGYADwAaAAwATQBhAGMAaQBuAHQAbwBzAGgAIABIAEQAEgBGVXNlcnMvZ2hlbWluZ3dheS9Eb2N1bWVudHMvUmVzZWFyY2gvRGlzc2VydGF0aW9uL0JhY2tncm91bmQvbHZhXzA0LnBkZgATAAEvAAAVAAIAEf//AACABdIcHR4fWCRjbGFzc2VzWiRjbGFzc25hbWWjHyAhXU5TTXV0YWJsZURhdGFWTlNEYXRhWE5TT2JqZWN0XxA6Li4vLi4vLi4vLi4vLi4vUmVzZWFyY2gvRGlzc2VydGF0aW9uL0JhY2tncm91bmQvbHZhXzA0LnBkZtIcHSQloiUhXE5TRGljdGlvbmFyeRIAAYagXxAPTlNLZXllZEFyY2hpdmVyAAgAEQAWAB8AKAAyADUAOgA8AEUASwBSAF0AZQBsAG8AcQBzAHYAeAB6AHwAhgCTAJgAoAJmAmgCbQJ2AoEChQKTApoCowLgAuUC6AL1AvoAAAAAAAACAQAAAAAAAAAoAAAAAAAAAAAAAAAAAAADDA==}}

@article{lv_02,
	Author = {J. de Lara and H. Vangheluwe},
	Date-Added = {2010-02-02 15:06:17 -0600},
	Date-Modified = {2010-02-02 15:06:59 -0600},
	Keywords = {Simulation},
	Title = {Computer Aided Multi-paradigm Modeling to Process Petri-Nets and Statecharts},
	Year = {2002},
	Bdsk-File-1 = {YnBsaXN0MDDUAQIDBAUIJidUJHRvcFgkb2JqZWN0c1gkdmVyc2lvblkkYXJjaGl2ZXLRBgdUcm9vdIABqAkKFRYXGyIjVSRudWxs0wsMDQ4RFFpOUy5vYmplY3RzV05TLmtleXNWJGNsYXNzog8QgASABqISE4ACgAOAB1lhbGlhc0RhdGFccmVsYXRpdmVQYXRo0hgNGRpXTlMuZGF0YU8RAb4AAAAAAb4AAgAADE1hY2ludG9zaCBIRAAAAAAAAAAAAAAAAAAAAMT59JlIKwAAAINcxAlsdl8wMi5wZGYAAAAAAAAAAAAAAAAAAAAAAAAAAAAAAAAAAAAAAAAAAAAAAAAAAAAAAAAAAAAAAAAAAAAAAAAAg1zyxihn7QAAAAAAAAAAAAUABAAACSAAAAAAAAAAAAAAAAAAAAAKQmFja2dyb3VuZAAQAAgAAMT6OukAAAARAAgAAMYorj0AAAABABgAg1zEAINcvwAOh6QACkqvAApKmAAAe9gAAgBSTWFjaW50b3NoIEhEOlVzZXJzOmdoZW1pbmd3YXk6RG9jdW1lbnRzOlJlc2VhcmNoOkRpc3NlcnRhdGlvbjpCYWNrZ3JvdW5kOmx2XzAyLnBkZgAOABQACQBsAHYAXwAwADIALgBwAGQAZgAPABoADABNAGEAYwBpAG4AdABvAHMAaAAgAEgARAASAEVVc2Vycy9naGVtaW5nd2F5L0RvY3VtZW50cy9SZXNlYXJjaC9EaXNzZXJ0YXRpb24vQmFja2dyb3VuZC9sdl8wMi5wZGYAABMAAS8AABUAAgAR//8AAIAF0hwdHh9YJGNsYXNzZXNaJGNsYXNzbmFtZaMfICFdTlNNdXRhYmxlRGF0YVZOU0RhdGFYTlNPYmplY3RfEDkuLi8uLi8uLi8uLi8uLi9SZXNlYXJjaC9EaXNzZXJ0YXRpb24vQmFja2dyb3VuZC9sdl8wMi5wZGbSHB0kJaIlIVxOU0RpY3Rpb25hcnkSAAGGoF8QD05TS2V5ZWRBcmNoaXZlcgAIABEAFgAfACgAMgA1ADoAPABFAEsAUgBdAGUAbABvAHEAcwB2AHgAegB8AIYAkwCYAKACYgJkAmkCcgJ9AoECjwKWAp8C2wLgAuMC8AL1AAAAAAAAAgEAAAAAAAAAKAAAAAAAAAAAAAAAAAAAAwc=}}

@article{lp_03,
	Author = {V. Liang and C. Paredis},
	Date-Added = {2010-02-02 15:05:26 -0600},
	Date-Modified = {2010-02-02 15:06:12 -0600},
	Keywords = {Simulation},
	Title = {A Port Ontology for Automated Model Composition},
	Year = {2003},
	Bdsk-File-1 = {YnBsaXN0MDDUAQIDBAUIJidUJHRvcFgkb2JqZWN0c1gkdmVyc2lvblkkYXJjaGl2ZXLRBgdUcm9vdIABqAkKFRYXGyIjVSRudWxs0wsMDQ4RFFpOUy5vYmplY3RzV05TLmtleXNWJGNsYXNzog8QgASABqISE4ACgAOAB1lhbGlhc0RhdGFccmVsYXRpdmVQYXRo0hgNGRpXTlMuZGF0YU8RAb4AAAAAAb4AAgAADE1hY2ludG9zaCBIRAAAAAAAAAAAAAAAAAAAAMT59JlIKwAAAINcxAlscF8wMy5wZGYAAAAAAAAAAAAAAAAAAAAAAAAAAAAAAAAAAAAAAAAAAAAAAAAAAAAAAAAAAAAAAAAAAAAAAAAAg1zxxihohAAAAAAAAAAAAAUABAAACSAAAAAAAAAAAAAAAAAAAAAKQmFja2dyb3VuZAAQAAgAAMT6OukAAAARAAgAAMYortQAAAABABgAg1zEAINcvwAOh6QACkqvAApKmAAAe9gAAgBSTWFjaW50b3NoIEhEOlVzZXJzOmdoZW1pbmd3YXk6RG9jdW1lbnRzOlJlc2VhcmNoOkRpc3NlcnRhdGlvbjpCYWNrZ3JvdW5kOmxwXzAzLnBkZgAOABQACQBsAHAAXwAwADMALgBwAGQAZgAPABoADABNAGEAYwBpAG4AdABvAHMAaAAgAEgARAASAEVVc2Vycy9naGVtaW5nd2F5L0RvY3VtZW50cy9SZXNlYXJjaC9EaXNzZXJ0YXRpb24vQmFja2dyb3VuZC9scF8wMy5wZGYAABMAAS8AABUAAgAR//8AAIAF0hwdHh9YJGNsYXNzZXNaJGNsYXNzbmFtZaMfICFdTlNNdXRhYmxlRGF0YVZOU0RhdGFYTlNPYmplY3RfEDkuLi8uLi8uLi8uLi8uLi9SZXNlYXJjaC9EaXNzZXJ0YXRpb24vQmFja2dyb3VuZC9scF8wMy5wZGbSHB0kJaIlIVxOU0RpY3Rpb25hcnkSAAGGoF8QD05TS2V5ZWRBcmNoaXZlcgAIABEAFgAfACgAMgA1ADoAPABFAEsAUgBdAGUAbABvAHEAcwB2AHgAegB8AIYAkwCYAKACYgJkAmkCcgJ9AoECjwKWAp8C2wLgAuMC8AL1AAAAAAAAAgEAAAAAAAAAKAAAAAAAAAAAAAAAAAAAAwc=}}

@inproceedings{lmllstl_09,
	Author = {M. Leung and T. Mandl and E. Lee and E. Latronico and C. Shelton and S. Tripakis and B. Lickly},
	Date-Added = {2010-02-02 15:04:02 -0600},
	Date-Modified = {2010-02-02 15:05:13 -0600},
	Keywords = {Type Graph},
	Month = {August},
	Title = {Scalable Semantic Annotation using Lattice-based Ontologies},
	Year = {2009},
	Bdsk-File-1 = {YnBsaXN0MDDUAQIDBAUIJidUJHRvcFgkb2JqZWN0c1gkdmVyc2lvblkkYXJjaGl2ZXLRBgdUcm9vdIABqAkKFRYXGyIjVSRudWxs0wsMDQ4RFFpOUy5vYmplY3RzV05TLmtleXNWJGNsYXNzog8QgASABqISE4ACgAOAB1lhbGlhc0RhdGFccmVsYXRpdmVQYXRo0hgNGRpXTlMuZGF0YU8RAdIAAAAAAdIAAgAADE1hY2ludG9zaCBIRAAAAAAAAAAAAAAAAAAAAMT59JlIKwAAAINcxA5sbWxsc3RsXzA5LnBkZgAAAAAAAAAAAAAAAAAAAAAAAAAAAAAAAAAAAAAAAAAAAAAAAAAAAAAAAAAAAAAAAAAAdZ2wxvhVswAAAAAAAAAAAAUABAAACSAAAAAAAAAAAAAAAAAAAAAKQmFja2dyb3VuZAAQAAgAAMT6OukAAAARAAgAAMb4nAMAAAABABgAg1zEAINcvwAOh6QACkqvAApKmAAAe9gAAgBXTWFjaW50b3NoIEhEOlVzZXJzOmdoZW1pbmd3YXk6RG9jdW1lbnRzOlJlc2VhcmNoOkRpc3NlcnRhdGlvbjpCYWNrZ3JvdW5kOmxtbGxzdGxfMDkucGRmAAAOAB4ADgBsAG0AbABsAHMAdABsAF8AMAA5AC4AcABkAGYADwAaAAwATQBhAGMAaQBuAHQAbwBzAGgAIABIAEQAEgBKVXNlcnMvZ2hlbWluZ3dheS9Eb2N1bWVudHMvUmVzZWFyY2gvRGlzc2VydGF0aW9uL0JhY2tncm91bmQvbG1sbHN0bF8wOS5wZGYAEwABLwAAFQACABH//wAAgAXSHB0eH1gkY2xhc3Nlc1okY2xhc3NuYW1lox8gIV1OU011dGFibGVEYXRhVk5TRGF0YVhOU09iamVjdF8QPi4uLy4uLy4uLy4uLy4uL1Jlc2VhcmNoL0Rpc3NlcnRhdGlvbi9CYWNrZ3JvdW5kL2xtbGxzdGxfMDkucGRm0hwdJCWiJSFcTlNEaWN0aW9uYXJ5EgABhqBfEA9OU0tleWVkQXJjaGl2ZXIACAARABYAHwAoADIANQA6ADwARQBLAFIAXQBlAGwAbwBxAHMAdgB4AHoAfACGAJMAmACgAnYCeAJ9AoYCkQKVAqMCqgKzAvQC+QL8AwkDDgAAAAAAAAIBAAAAAAAAACgAAAAAAAAAAAAAAAAAAAMg}}

@article{lm_08,
	Author = {B. Lofstrand and B. Moller},
	Date-Added = {2010-02-02 15:03:08 -0600},
	Date-Modified = {2010-02-02 15:03:57 -0600},
	Keywords = {Simulation, HLA},
	Title = {Using Google Earth for Scenario Development and HLA Federation Test & Integration},
	Year = {2008},
	Bdsk-File-1 = {YnBsaXN0MDDUAQIDBAUIJidUJHRvcFgkb2JqZWN0c1gkdmVyc2lvblkkYXJjaGl2ZXLRBgdUcm9vdIABqAkKFRYXGyIjVSRudWxs0wsMDQ4RFFpOUy5vYmplY3RzV05TLmtleXNWJGNsYXNzog8QgASABqISE4ACgAOAB1lhbGlhc0RhdGFccmVsYXRpdmVQYXRo0hgNGRpXTlMuZGF0YU8RAb4AAAAAAb4AAgAADE1hY2ludG9zaCBIRAAAAAAAAAAAAAAAAAAAAMT59JlIKwAAAINcxAlsbV8wOC5wZGYAAAAAAAAAAAAAAAAAAAAAAAAAAAAAAAAAAAAAAAAAAAAAAAAAAAAAAAAAAAAAAAAAAAAAAAAAg1zwxidRmwAAAAAAAAAAAAUABAAACSAAAAAAAAAAAAAAAAAAAAAKQmFja2dyb3VuZAAQAAgAAMT6OukAAAARAAgAAMYnl+sAAAABABgAg1zEAINcvwAOh6QACkqvAApKmAAAe9gAAgBSTWFjaW50b3NoIEhEOlVzZXJzOmdoZW1pbmd3YXk6RG9jdW1lbnRzOlJlc2VhcmNoOkRpc3NlcnRhdGlvbjpCYWNrZ3JvdW5kOmxtXzA4LnBkZgAOABQACQBsAG0AXwAwADgALgBwAGQAZgAPABoADABNAGEAYwBpAG4AdABvAHMAaAAgAEgARAASAEVVc2Vycy9naGVtaW5nd2F5L0RvY3VtZW50cy9SZXNlYXJjaC9EaXNzZXJ0YXRpb24vQmFja2dyb3VuZC9sbV8wOC5wZGYAABMAAS8AABUAAgAR//8AAIAF0hwdHh9YJGNsYXNzZXNaJGNsYXNzbmFtZaMfICFdTlNNdXRhYmxlRGF0YVZOU0RhdGFYTlNPYmplY3RfEDkuLi8uLi8uLi8uLi8uLi9SZXNlYXJjaC9EaXNzZXJ0YXRpb24vQmFja2dyb3VuZC9sbV8wOC5wZGbSHB0kJaIlIVxOU0RpY3Rpb25hcnkSAAGGoF8QD05TS2V5ZWRBcmNoaXZlcgAIABEAFgAfACgAMgA1ADoAPABFAEsAUgBdAGUAbABvAHEAcwB2AHgAegB8AIYAkwCYAKACYgJkAmkCcgJ9AoECjwKWAp8C2wLgAuMC8AL1AAAAAAAAAgEAAAAAAAAAKAAAAAAAAAAAAAAAAAAAAwc=}}

@article{ll_88,
	Author = {J. Lundenlius and N. Lynch},
	Date-Added = {2010-02-02 15:02:22 -0600},
	Date-Modified = {2010-02-02 15:03:02 -0600},
	Keywords = {Time Synchronization},
	Title = {A New Fault-Tolerant Algorithm for Clock Synchronization},
	Year = {1988},
	Bdsk-File-1 = {YnBsaXN0MDDUAQIDBAUIJidUJHRvcFgkb2JqZWN0c1gkdmVyc2lvblkkYXJjaGl2ZXLRBgdUcm9vdIABqAkKFRYXGyIjVSRudWxs0wsMDQ4RFFpOUy5vYmplY3RzV05TLmtleXNWJGNsYXNzog8QgASABqISE4ACgAOAB1lhbGlhc0RhdGFccmVsYXRpdmVQYXRo0hgNGRpXTlMuZGF0YU8RAb4AAAAAAb4AAgAADE1hY2ludG9zaCBIRAAAAAAAAAAAAAAAAAAAAMT59JlIKwAAAINcxAlsbF84OC5wZGYAAAAAAAAAAAAAAAAAAAAAAAAAAAAAAAAAAAAAAAAAAAAAAAAAAAAAAAAAAAAAAAAAAAAAAAAAgvYOx4SJqgAAAAAAAAAAAAUABAAACSAAAAAAAAAAAAAAAAAAAAAKQmFja2dyb3VuZAAQAAgAAMT6OukAAAARAAgAAMeE3goAAAABABgAg1zEAINcvwAOh6QACkqvAApKmAAAe9gAAgBSTWFjaW50b3NoIEhEOlVzZXJzOmdoZW1pbmd3YXk6RG9jdW1lbnRzOlJlc2VhcmNoOkRpc3NlcnRhdGlvbjpCYWNrZ3JvdW5kOmxsXzg4LnBkZgAOABQACQBsAGwAXwA4ADgALgBwAGQAZgAPABoADABNAGEAYwBpAG4AdABvAHMAaAAgAEgARAASAEVVc2Vycy9naGVtaW5nd2F5L0RvY3VtZW50cy9SZXNlYXJjaC9EaXNzZXJ0YXRpb24vQmFja2dyb3VuZC9sbF84OC5wZGYAABMAAS8AABUAAgAR//8AAIAF0hwdHh9YJGNsYXNzZXNaJGNsYXNzbmFtZaMfICFdTlNNdXRhYmxlRGF0YVZOU0RhdGFYTlNPYmplY3RfEDkuLi8uLi8uLi8uLi8uLi9SZXNlYXJjaC9EaXNzZXJ0YXRpb24vQmFja2dyb3VuZC9sbF84OC5wZGbSHB0kJaIlIVxOU0RpY3Rpb25hcnkSAAGGoF8QD05TS2V5ZWRBcmNoaXZlcgAIABEAFgAfACgAMgA1ADoAPABFAEsAUgBdAGUAbABvAHEAcwB2AHgAegB8AIYAkwCYAKACYgJkAmkCcgJ9AoECjwKWAp8C2wLgAuMC8AL1AAAAAAAAAgEAAAAAAAAAKAAAAAAAAAAAAAAAAAAAAwc=}}

@manual{l4-x2-r6,
	Date-Added = {2010-02-02 15:00:52 -0600},
	Date-Modified = {2010-02-02 15:01:55 -0600},
	Keywords = {L4},
	Month = {November},
	Organization = {System Architecture Group Dept. of Computer Science Universitat Karlsruhe},
	Title = {L4 eXperimental Kernel Reference Manual},
	Year = {2006},
	Bdsk-File-1 = {YnBsaXN0MDDUAQIDBAUIJidUJHRvcFgkb2JqZWN0c1gkdmVyc2lvblkkYXJjaGl2ZXLRBgdUcm9vdIABqAkKFRYXGyIjVSRudWxs0wsMDQ4RFFpOUy5vYmplY3RzV05TLmtleXNWJGNsYXNzog8QgASABqISE4ACgAOAB1lhbGlhc0RhdGFccmVsYXRpdmVQYXRo0hgNGRpXTlMuZGF0YU8RAcoAAAAAAcoAAgAADE1hY2ludG9zaCBIRAAAAAAAAAAAAAAAAAAAAMT59JlIKwAAAINcxAxsNC14Mi1yNi5wZGYAAAAAAAAAAAAAAAAAAAAAAAAAAAAAAAAAAAAAAAAAAAAAAAAAAAAAAAAAAAAAAAAAAAAAfWF5x0bHPQAAAAAAAAAAAAUABAAACSAAAAAAAAAAAAAAAAAAAAAKQmFja2dyb3VuZAAQAAgAAMT6OukAAAARAAgAAMdHG50AAAABABgAg1zEAINcvwAOh6QACkqvAApKmAAAe9gAAgBVTWFjaW50b3NoIEhEOlVzZXJzOmdoZW1pbmd3YXk6RG9jdW1lbnRzOlJlc2VhcmNoOkRpc3NlcnRhdGlvbjpCYWNrZ3JvdW5kOmw0LXgyLXI2LnBkZgAADgAaAAwAbAA0AC0AeAAyAC0AcgA2AC4AcABkAGYADwAaAAwATQBhAGMAaQBuAHQAbwBzAGgAIABIAEQAEgBIVXNlcnMvZ2hlbWluZ3dheS9Eb2N1bWVudHMvUmVzZWFyY2gvRGlzc2VydGF0aW9uL0JhY2tncm91bmQvbDQteDItcjYucGRmABMAAS8AABUAAgAR//8AAIAF0hwdHh9YJGNsYXNzZXNaJGNsYXNzbmFtZaMfICFdTlNNdXRhYmxlRGF0YVZOU0RhdGFYTlNPYmplY3RfEDwuLi8uLi8uLi8uLi8uLi9SZXNlYXJjaC9EaXNzZXJ0YXRpb24vQmFja2dyb3VuZC9sNC14Mi1yNi5wZGbSHB0kJaIlIVxOU0RpY3Rpb25hcnkSAAGGoF8QD05TS2V5ZWRBcmNoaXZlcgAIABEAFgAfACgAMgA1ADoAPABFAEsAUgBdAGUAbABvAHEAcwB2AHgAegB8AIYAkwCYAKACbgJwAnUCfgKJAo0CmwKiAqsC6gLvAvIC/wMEAAAAAAAAAgEAAAAAAAAAKAAAAAAAAAAAAAAAAAAAAxY=}}

@proceedings{kslb_03,
	Author = {G. Karsai and J. Sztipanovits and A. Ledeczi and T. Bapty},
	Date-Added = {2010-02-02 14:59:13 -0600},
	Date-Modified = {2010-02-08 09:53:51 -0600},
	Keywords = {GME},
	Month = {January},
	Organization = {IEEE},
	Title = {Model-Integrated Development of Embedded Software},
	Volume = {91},
	Year = {2003},
	Bdsk-File-1 = {YnBsaXN0MDDUAQIDBAUIJidUJHRvcFgkb2JqZWN0c1gkdmVyc2lvblkkYXJjaGl2ZXLRBgdUcm9vdIABqAkKFRYXGyIjVSRudWxs0wsMDQ4RFFpOUy5vYmplY3RzV05TLmtleXNWJGNsYXNzog8QgASABqISE4ACgAOAB1lhbGlhc0RhdGFccmVsYXRpdmVQYXRo0hgNGRpXTlMuZGF0YU8RAcYAAAAAAcYAAgAADE1hY2ludG9zaCBIRAAAAAAAAAAAAAAAAAAAAMT59JlIKwAAAINcxAtrc2xiXzAzLnBkZgAAAAAAAAAAAAAAAAAAAAAAAAAAAAAAAAAAAAAAAAAAAAAAAAAAAAAAAAAAAAAAAAAAAAAAg81Gx43iVgAAAAAAAAAAAAUABAAACSAAAAAAAAAAAAAAAAAAAAAKQmFja2dyb3VuZAAQAAgAAMT6OukAAAARAAgAAMeONrYAAAABABgAg1zEAINcvwAOh6QACkqvAApKmAAAe9gAAgBUTWFjaW50b3NoIEhEOlVzZXJzOmdoZW1pbmd3YXk6RG9jdW1lbnRzOlJlc2VhcmNoOkRpc3NlcnRhdGlvbjpCYWNrZ3JvdW5kOmtzbGJfMDMucGRmAA4AGAALAGsAcwBsAGIAXwAwADMALgBwAGQAZgAPABoADABNAGEAYwBpAG4AdABvAHMAaAAgAEgARAASAEdVc2Vycy9naGVtaW5nd2F5L0RvY3VtZW50cy9SZXNlYXJjaC9EaXNzZXJ0YXRpb24vQmFja2dyb3VuZC9rc2xiXzAzLnBkZgAAEwABLwAAFQACABH//wAAgAXSHB0eH1gkY2xhc3Nlc1okY2xhc3NuYW1lox8gIV1OU011dGFibGVEYXRhVk5TRGF0YVhOU09iamVjdF8QOy4uLy4uLy4uLy4uLy4uL1Jlc2VhcmNoL0Rpc3NlcnRhdGlvbi9CYWNrZ3JvdW5kL2tzbGJfMDMucGRm0hwdJCWiJSFcTlNEaWN0aW9uYXJ5EgABhqBfEA9OU0tleWVkQXJjaGl2ZXIACAARABYAHwAoADIANQA6ADwARQBLAFIAXQBlAGwAbwBxAHMAdgB4AHoAfACGAJMAmACgAmoCbAJxAnoChQKJApcCngKnAuUC6gLtAvoC/wAAAAAAAAIBAAAAAAAAACgAAAAAAAAAAAAAAAAAAAMR}}

@article{kim_98,
	Author = {Y. Kim and T. Kim},
	Date-Added = {2010-02-02 14:57:57 -0600},
	Date-Modified = {2010-02-02 14:58:54 -0600},
	Keywords = {HLA, Simulation},
	Title = {A Heterogeneous Simulation Framework Based on the DEVS Bus and the High Level Architecture},
	Year = {1998},
	Bdsk-File-1 = {YnBsaXN0MDDUAQIDBAUIJidUJHRvcFgkb2JqZWN0c1gkdmVyc2lvblkkYXJjaGl2ZXLRBgdUcm9vdIABqAkKFRYXGyIjVSRudWxs0wsMDQ4RFFpOUy5vYmplY3RzV05TLmtleXNWJGNsYXNzog8QgASABqISE4ACgAOAB1lhbGlhc0RhdGFccmVsYXRpdmVQYXRo0hgNGRpXTlMuZGF0YU8RAcIAAAAAAcIAAgAADE1hY2ludG9zaCBIRAAAAAAAAAAAAAAAAAAAAMT59JlIKwAAAINcxApraW1fOTgucGRmAAAAAAAAAAAAAAAAAAAAAAAAAAAAAAAAAAAAAAAAAAAAAAAAAAAAAAAAAAAAAAAAAAAAAAAAg1zgxiRoMwAAAAAAAAAAAAUABAAACSAAAAAAAAAAAAAAAAAAAAAKQmFja2dyb3VuZAAQAAgAAMT6OukAAAARAAgAAMYkroMAAAABABgAg1zEAINcvwAOh6QACkqvAApKmAAAe9gAAgBTTWFjaW50b3NoIEhEOlVzZXJzOmdoZW1pbmd3YXk6RG9jdW1lbnRzOlJlc2VhcmNoOkRpc3NlcnRhdGlvbjpCYWNrZ3JvdW5kOmtpbV85OC5wZGYAAA4AFgAKAGsAaQBtAF8AOQA4AC4AcABkAGYADwAaAAwATQBhAGMAaQBuAHQAbwBzAGgAIABIAEQAEgBGVXNlcnMvZ2hlbWluZ3dheS9Eb2N1bWVudHMvUmVzZWFyY2gvRGlzc2VydGF0aW9uL0JhY2tncm91bmQva2ltXzk4LnBkZgATAAEvAAAVAAIAEf//AACABdIcHR4fWCRjbGFzc2VzWiRjbGFzc25hbWWjHyAhXU5TTXV0YWJsZURhdGFWTlNEYXRhWE5TT2JqZWN0XxA6Li4vLi4vLi4vLi4vLi4vUmVzZWFyY2gvRGlzc2VydGF0aW9uL0JhY2tncm91bmQva2ltXzk4LnBkZtIcHSQloiUhXE5TRGljdGlvbmFyeRIAAYagXxAPTlNLZXllZEFyY2hpdmVyAAgAEQAWAB8AKAAyADUAOgA8AEUASwBSAF0AZQBsAG8AcQBzAHYAeAB6AHwAhgCTAJgAoAJmAmgCbQJ2AoEChQKTApoCowLgAuUC6AL1AvoAAAAAAAACAQAAAAAAAAAoAAAAAAAAAAAAAAAAAAADDA==}}

@article{kim_03,
	Author = {Y. Kim and J. Kim and T. Kim},
	Date-Added = {2010-02-02 14:57:06 -0600},
	Date-Modified = {2010-02-02 14:57:52 -0600},
	Journal = {Simulation},
	Keywords = {Simulation},
	Title = {Heterogeneous Simulation Framework Using DEVS Bus},
	Year = {2003},
	Bdsk-File-1 = {YnBsaXN0MDDUAQIDBAUIJidUJHRvcFgkb2JqZWN0c1gkdmVyc2lvblkkYXJjaGl2ZXLRBgdUcm9vdIABqAkKFRYXGyIjVSRudWxs0wsMDQ4RFFpOUy5vYmplY3RzV05TLmtleXNWJGNsYXNzog8QgASABqISE4ACgAOAB1lhbGlhc0RhdGFccmVsYXRpdmVQYXRo0hgNGRpXTlMuZGF0YU8RAcIAAAAAAcIAAgAADE1hY2ludG9zaCBIRAAAAAAAAAAAAAAAAAAAAMT59JlIKwAAAINcxApraW1fMDMucGRmAAAAAAAAAAAAAAAAAAAAAAAAAAAAAAAAAAAAAAAAAAAAAAAAAAAAAAAAAAAAAAAAAAAAAAAAg1zvxiR74gAAAAAAAAAAAAUABAAACSAAAAAAAAAAAAAAAAAAAAAKQmFja2dyb3VuZAAQAAgAAMT6OukAAAARAAgAAMYkwjIAAAABABgAg1zEAINcvwAOh6QACkqvAApKmAAAe9gAAgBTTWFjaW50b3NoIEhEOlVzZXJzOmdoZW1pbmd3YXk6RG9jdW1lbnRzOlJlc2VhcmNoOkRpc3NlcnRhdGlvbjpCYWNrZ3JvdW5kOmtpbV8wMy5wZGYAAA4AFgAKAGsAaQBtAF8AMAAzAC4AcABkAGYADwAaAAwATQBhAGMAaQBuAHQAbwBzAGgAIABIAEQAEgBGVXNlcnMvZ2hlbWluZ3dheS9Eb2N1bWVudHMvUmVzZWFyY2gvRGlzc2VydGF0aW9uL0JhY2tncm91bmQva2ltXzAzLnBkZgATAAEvAAAVAAIAEf//AACABdIcHR4fWCRjbGFzc2VzWiRjbGFzc25hbWWjHyAhXU5TTXV0YWJsZURhdGFWTlNEYXRhWE5TT2JqZWN0XxA6Li4vLi4vLi4vLi4vLi4vUmVzZWFyY2gvRGlzc2VydGF0aW9uL0JhY2tncm91bmQva2ltXzAzLnBkZtIcHSQloiUhXE5TRGljdGlvbmFyeRIAAYagXxAPTlNLZXllZEFyY2hpdmVyAAgAEQAWAB8AKAAyADUAOgA8AEUASwBSAF0AZQBsAG8AcQBzAHYAeAB6AHwAhgCTAJgAoAJmAmgCbQJ2AoEChQKTApoCowLgAuUC6AL1AvoAAAAAAAACAQAAAAAAAAAoAAAAAAAAAAAAAAAAAAADDA==}}

@article{kg_93,
	Author = {H. Kopetz and G. Gr\"{u}nsteidl},
	Date-Added = {2010-02-02 14:56:14 -0600},
	Date-Modified = {2010-02-08 10:01:30 -0600},
	Journal = {Computer},
	Keywords = {TTA},
	Number = {1},
	Pages = {14--23},
	Title = {TTP - A Time-Triggered Protocol for Fault-Tolerant Real-Time Systems},
	Volume = {27},
	Year = {1993},
	Bdsk-File-1 = {YnBsaXN0MDDUAQIDBAUIJidUJHRvcFgkb2JqZWN0c1gkdmVyc2lvblkkYXJjaGl2ZXLRBgdUcm9vdIABqAkKFRYXGyIjVSRudWxs0wsMDQ4RFFpOUy5vYmplY3RzV05TLmtleXNWJGNsYXNzog8QgASABqISE4ACgAOAB1lhbGlhc0RhdGFccmVsYXRpdmVQYXRo0hgNGRpXTlMuZGF0YU8RAb4AAAAAAb4AAgAADE1hY2ludG9zaCBIRAAAAAAAAAAAAAAAAAAAAMT59JlIKwAAAINcxAlrZ185My5wZGYAAAAAAAAAAAAAAAAAAAAAAAAAAAAAAAAAAAAAAAAAAAAAAAAAAAAAAAAAAAAAAAAAAAAAAAAAgy8dx4dA4wAAAAAAAAAAAAUABAAACSAAAAAAAAAAAAAAAAAAAAAKQmFja2dyb3VuZAAQAAgAAMT6OukAAAARAAgAAMeHlUMAAAABABgAg1zEAINcvwAOh6QACkqvAApKmAAAe9gAAgBSTWFjaW50b3NoIEhEOlVzZXJzOmdoZW1pbmd3YXk6RG9jdW1lbnRzOlJlc2VhcmNoOkRpc3NlcnRhdGlvbjpCYWNrZ3JvdW5kOmtnXzkzLnBkZgAOABQACQBrAGcAXwA5ADMALgBwAGQAZgAPABoADABNAGEAYwBpAG4AdABvAHMAaAAgAEgARAASAEVVc2Vycy9naGVtaW5nd2F5L0RvY3VtZW50cy9SZXNlYXJjaC9EaXNzZXJ0YXRpb24vQmFja2dyb3VuZC9rZ185My5wZGYAABMAAS8AABUAAgAR//8AAIAF0hwdHh9YJGNsYXNzZXNaJGNsYXNzbmFtZaMfICFdTlNNdXRhYmxlRGF0YVZOU0RhdGFYTlNPYmplY3RfEDkuLi8uLi8uLi8uLi8uLi9SZXNlYXJjaC9EaXNzZXJ0YXRpb24vQmFja2dyb3VuZC9rZ185My5wZGbSHB0kJaIlIVxOU0RpY3Rpb25hcnkSAAGGoF8QD05TS2V5ZWRBcmNoaXZlcgAIABEAFgAfACgAMgA1ADoAPABFAEsAUgBdAGUAbABvAHEAcwB2AHgAegB8AIYAkwCYAKACYgJkAmkCcgJ9AoECjwKWAp8C2wLgAuMC8AL1AAAAAAAAAgEAAAAAAAAAKAAAAAAAAAAAAAAAAAAAAwc=}}

@article{kdkmssz_89,
	Author = {H. Kopetz and A. Damm and C. Koza and M. Mulazzani and W. Schwabl and C. Senft and R. Zainlinger},
	Date-Added = {2010-02-02 14:54:34 -0600},
	Date-Modified = {2010-02-02 14:55:59 -0600},
	Keywords = {TTA},
	Title = {Distributed Fault-Tolerant Real-Time Systems: The Mars Approach},
	Year = {1989},
	Bdsk-File-1 = {YnBsaXN0MDDUAQIDBAUIJidUJHRvcFgkb2JqZWN0c1gkdmVyc2lvblkkYXJjaGl2ZXLRBgdUcm9vdIABqAkKFRYXGyIjVSRudWxs0wsMDQ4RFFpOUy5vYmplY3RzV05TLmtleXNWJGNsYXNzog8QgASABqISE4ACgAOAB1lhbGlhc0RhdGFccmVsYXRpdmVQYXRo0hgNGRpXTlMuZGF0YU8RAdIAAAAAAdIAAgAADE1hY2ludG9zaCBIRAAAAAAAAAAAAAAAAAAAAMT59JlIKwAAAINcxA5rZGttc3N6Xzg5LnBkZgAAAAAAAAAAAAAAAAAAAAAAAAAAAAAAAAAAAAAAAAAAAAAAAAAAAAAAAAAAAAAAAAAAg19vx4xNwAAAAAAAAAAAAAUABAAACSAAAAAAAAAAAAAAAAAAAAAKQmFja2dyb3VuZAAQAAgAAMT6OukAAAARAAgAAMeMoiAAAAABABgAg1zEAINcvwAOh6QACkqvAApKmAAAe9gAAgBXTWFjaW50b3NoIEhEOlVzZXJzOmdoZW1pbmd3YXk6RG9jdW1lbnRzOlJlc2VhcmNoOkRpc3NlcnRhdGlvbjpCYWNrZ3JvdW5kOmtka21zc3pfODkucGRmAAAOAB4ADgBrAGQAawBtAHMAcwB6AF8AOAA5AC4AcABkAGYADwAaAAwATQBhAGMAaQBuAHQAbwBzAGgAIABIAEQAEgBKVXNlcnMvZ2hlbWluZ3dheS9Eb2N1bWVudHMvUmVzZWFyY2gvRGlzc2VydGF0aW9uL0JhY2tncm91bmQva2RrbXNzel84OS5wZGYAEwABLwAAFQACABH//wAAgAXSHB0eH1gkY2xhc3Nlc1okY2xhc3NuYW1lox8gIV1OU011dGFibGVEYXRhVk5TRGF0YVhOU09iamVjdF8QPi4uLy4uLy4uLy4uLy4uL1Jlc2VhcmNoL0Rpc3NlcnRhdGlvbi9CYWNrZ3JvdW5kL2tka21zc3pfODkucGRm0hwdJCWiJSFcTlNEaWN0aW9uYXJ5EgABhqBfEA9OU0tleWVkQXJjaGl2ZXIACAARABYAHwAoADIANQA6ADwARQBLAFIAXQBlAGwAbwBxAHMAdgB4AHoAfACGAJMAmACgAnYCeAJ9AoYCkQKVAqMCqgKzAvQC+QL8AwkDDgAAAAAAAAIBAAAAAAAAACgAAAAAAAAAAAAAAAAAAAMg}}

@article{kb_02,
	Author = {H. Kopetz and G. Bauer},
	Date-Added = {2010-02-02 14:53:55 -0600},
	Date-Modified = {2010-02-12 10:34:15 -0600},
	Journal = {Proceedings of the IEEE Special Issue on Modeling and Design of Embedded Software},
	Keywords = {TTA},
	Month = {October},
	Number = {1},
	Pages = {112--126},
	Title = {The Time-Triggered Architecture},
	Volume = {91},
	Year = {2003},
	Bdsk-File-1 = {YnBsaXN0MDDUAQIDBAUIJidUJHRvcFgkb2JqZWN0c1gkdmVyc2lvblkkYXJjaGl2ZXLRBgdUcm9vdIABqAkKFRYXGyIjVSRudWxs0wsMDQ4RFFpOUy5vYmplY3RzV05TLmtleXNWJGNsYXNzog8QgASABqISE4ACgAOAB1lhbGlhc0RhdGFccmVsYXRpdmVQYXRo0hgNGRpXTlMuZGF0YU8RAb4AAAAAAb4AAgAADE1hY2ludG9zaCBIRAAAAAAAAAAAAAAAAAAAAMT59JlIKwAAAINcxAlrYl8wMi5wZGYAAAAAAAAAAAAAAAAAAAAAAAAAAAAAAAAAAAAAAAAAAAAAAAAAAAAAAAAAAAAAAAAAAAAAAAAAdW1FxvYtrQAAAAAAAAAAAAUABAAACSAAAAAAAAAAAAAAAAAAAAAKQmFja2dyb3VuZAAQAAgAAMT6OukAAAARAAgAAMb2c/0AAAABABgAg1zEAINcvwAOh6QACkqvAApKmAAAe9gAAgBSTWFjaW50b3NoIEhEOlVzZXJzOmdoZW1pbmd3YXk6RG9jdW1lbnRzOlJlc2VhcmNoOkRpc3NlcnRhdGlvbjpCYWNrZ3JvdW5kOmtiXzAyLnBkZgAOABQACQBrAGIAXwAwADIALgBwAGQAZgAPABoADABNAGEAYwBpAG4AdABvAHMAaAAgAEgARAASAEVVc2Vycy9naGVtaW5nd2F5L0RvY3VtZW50cy9SZXNlYXJjaC9EaXNzZXJ0YXRpb24vQmFja2dyb3VuZC9rYl8wMi5wZGYAABMAAS8AABUAAgAR//8AAIAF0hwdHh9YJGNsYXNzZXNaJGNsYXNzbmFtZaMfICFdTlNNdXRhYmxlRGF0YVZOU0RhdGFYTlNPYmplY3RfEDkuLi8uLi8uLi8uLi8uLi9SZXNlYXJjaC9EaXNzZXJ0YXRpb24vQmFja2dyb3VuZC9rYl8wMi5wZGbSHB0kJaIlIVxOU0RpY3Rpb25hcnkSAAGGoF8QD05TS2V5ZWRBcmNoaXZlcgAIABEAFgAfACgAMgA1ADoAPABFAEsAUgBdAGUAbABvAHEAcwB2AHgAegB8AIYAkwCYAKACYgJkAmkCcgJ9AoECjwKWAp8C2wLgAuMC8AL1AAAAAAAAAgEAAAAAAAAAKAAAAAAAAAAAAAAAAAAAAwc=}}

@article{kass_03,
	Author = {G. Karsai and A. Agrawal and F. Shi and J. Sprinkle},
	Date-Added = {2010-02-02 14:21:52 -0600},
	Date-Modified = {2010-02-02 14:53:49 -0600},
	Keywords = {GME},
	Title = {On the use of Graph Transformation in the Formal Specification of Model Inter},
	Year = {2003},
	Bdsk-File-1 = {YnBsaXN0MDDUAQIDBAUIJidUJHRvcFgkb2JqZWN0c1gkdmVyc2lvblkkYXJjaGl2ZXLRBgdUcm9vdIABqAkKFRYXGyIjVSRudWxs0wsMDQ4RFFpOUy5vYmplY3RzV05TLmtleXNWJGNsYXNzog8QgASABqISE4ACgAOAB1lhbGlhc0RhdGFccmVsYXRpdmVQYXRo0hgNGRpXTlMuZGF0YU8RAcYAAAAAAcYAAgAADE1hY2ludG9zaCBIRAAAAAAAAAAAAAAAAAAAAMT59JlIKwAAAINcxAtrYXNzXzAzLnBkZgAAAAAAAAAAAAAAAAAAAAAAAAAAAAAAAAAAAAAAAAAAAAAAAAAAAAAAAAAAAAAAAAAAAAAAg819x43iiAAAAAAAAAAAAAUABAAACSAAAAAAAAAAAAAAAAAAAAAKQmFja2dyb3VuZAAQAAgAAMT6OukAAAARAAgAAMeONugAAAABABgAg1zEAINcvwAOh6QACkqvAApKmAAAe9gAAgBUTWFjaW50b3NoIEhEOlVzZXJzOmdoZW1pbmd3YXk6RG9jdW1lbnRzOlJlc2VhcmNoOkRpc3NlcnRhdGlvbjpCYWNrZ3JvdW5kOmthc3NfMDMucGRmAA4AGAALAGsAYQBzAHMAXwAwADMALgBwAGQAZgAPABoADABNAGEAYwBpAG4AdABvAHMAaAAgAEgARAASAEdVc2Vycy9naGVtaW5nd2F5L0RvY3VtZW50cy9SZXNlYXJjaC9EaXNzZXJ0YXRpb24vQmFja2dyb3VuZC9rYXNzXzAzLnBkZgAAEwABLwAAFQACABH//wAAgAXSHB0eH1gkY2xhc3Nlc1okY2xhc3NuYW1lox8gIV1OU011dGFibGVEYXRhVk5TRGF0YVhOU09iamVjdF8QOy4uLy4uLy4uLy4uLy4uL1Jlc2VhcmNoL0Rpc3NlcnRhdGlvbi9CYWNrZ3JvdW5kL2thc3NfMDMucGRm0hwdJCWiJSFcTlNEaWN0aW9uYXJ5EgABhqBfEA9OU0tleWVkQXJjaGl2ZXIACAARABYAHwAoADIANQA6ADwARQBLAFIAXQBlAGwAbwBxAHMAdgB4AHoAfACGAJMAmACgAmoCbAJxAnoChQKJApcCngKnAuUC6gLtAvoC/wAAAAAAAAIBAAAAAAAAACgAAAAAAAAAAAAAAAAAAAMR}}

@article{gtfcc_06,
	Author = {S. Gayen and E. Tyson and M. Franklin and R. Chamberlain and P. Crowley},
	Date-Added = {2010-02-02 14:20:54 -0600},
	Date-Modified = {2010-02-02 14:21:46 -0600},
	Keywords = {HLA},
	Title = {X-Sim: A Federated Heterogeneous Simulation Environment},
	Year = {2006},
	Bdsk-File-1 = {YnBsaXN0MDDUAQIDBAUIJidUJHRvcFgkb2JqZWN0c1gkdmVyc2lvblkkYXJjaGl2ZXLRBgdUcm9vdIABqAkKFRYXGyIjVSRudWxs0wsMDQ4RFFpOUy5vYmplY3RzV05TLmtleXNWJGNsYXNzog8QgASABqISE4ACgAOAB1lhbGlhc0RhdGFccmVsYXRpdmVQYXRo0hgNGRpXTlMuZGF0YU8RAcoAAAAAAcoAAgAADE1hY2ludG9zaCBIRAAAAAAAAAAAAAAAAAAAAMT59JlIKwAAAINcxAxndGZjY18wNi5wZGYAAAAAAAAAAAAAAAAAAAAAAAAAAAAAAAAAAAAAAAAAAAAAAAAAAAAAAAAAAAAAAAAAAAAAg1zfxiclkQAAAAAAAAAAAAUABAAACSAAAAAAAAAAAAAAAAAAAAAKQmFja2dyb3VuZAAQAAgAAMT6OukAAAARAAgAAMYna+EAAAABABgAg1zEAINcvwAOh6QACkqvAApKmAAAe9gAAgBVTWFjaW50b3NoIEhEOlVzZXJzOmdoZW1pbmd3YXk6RG9jdW1lbnRzOlJlc2VhcmNoOkRpc3NlcnRhdGlvbjpCYWNrZ3JvdW5kOmd0ZmNjXzA2LnBkZgAADgAaAAwAZwB0AGYAYwBjAF8AMAA2AC4AcABkAGYADwAaAAwATQBhAGMAaQBuAHQAbwBzAGgAIABIAEQAEgBIVXNlcnMvZ2hlbWluZ3dheS9Eb2N1bWVudHMvUmVzZWFyY2gvRGlzc2VydGF0aW9uL0JhY2tncm91bmQvZ3RmY2NfMDYucGRmABMAAS8AABUAAgAR//8AAIAF0hwdHh9YJGNsYXNzZXNaJGNsYXNzbmFtZaMfICFdTlNNdXRhYmxlRGF0YVZOU0RhdGFYTlNPYmplY3RfEDwuLi8uLi8uLi8uLi8uLi9SZXNlYXJjaC9EaXNzZXJ0YXRpb24vQmFja2dyb3VuZC9ndGZjY18wNi5wZGbSHB0kJaIlIVxOU0RpY3Rpb25hcnkSAAGGoF8QD05TS2V5ZWRBcmNoaXZlcgAIABEAFgAfACgAMgA1ADoAPABFAEsAUgBdAGUAbABvAHEAcwB2AHgAegB8AIYAkwCYAKACbgJwAnUCfgKJAo0CmwKiAqsC6gLvAvIC/wMEAAAAAAAAAgEAAAAAAAAAKAAAAAAAAAAAAAAAAAAAAxY=}}

@article{gtfc_07,
	Author = {S. Gayen and E. Tyson and M. Franklin and R. Chamberlain},
	Date-Added = {2010-02-02 14:20:02 -0600},
	Date-Modified = {2010-02-02 14:20:49 -0600},
	Keywords = {HLA},
	Title = {A Federated Simulation Environment for Hybrid Systems},
	Year = {2007},
	Bdsk-File-1 = {YnBsaXN0MDDUAQIDBAUIJidUJHRvcFgkb2JqZWN0c1gkdmVyc2lvblkkYXJjaGl2ZXLRBgdUcm9vdIABqAkKFRYXGyIjVSRudWxs0wsMDQ4RFFpOUy5vYmplY3RzV05TLmtleXNWJGNsYXNzog8QgASABqISE4ACgAOAB1lhbGlhc0RhdGFccmVsYXRpdmVQYXRo0hgNGRpXTlMuZGF0YU8RAcYAAAAAAcYAAgAADE1hY2ludG9zaCBIRAAAAAAAAAAAAAAAAAAAAMT59JlIKwAAAINcxAtndGZjXzA3LnBkZgAAAAAAAAAAAAAAAAAAAAAAAAAAAAAAAAAAAAAAAAAAAAAAAAAAAAAAAAAAAAAAAAAAAAAAg1zuwoSC9wAAAAAAAAAAAAUABAAACSAAAAAAAAAAAAAAAAAAAAAKQmFja2dyb3VuZAAQAAgAAMT6OukAAAARAAgAAMKEyUcAAAABABgAg1zEAINcvwAOh6QACkqvAApKmAAAe9gAAgBUTWFjaW50b3NoIEhEOlVzZXJzOmdoZW1pbmd3YXk6RG9jdW1lbnRzOlJlc2VhcmNoOkRpc3NlcnRhdGlvbjpCYWNrZ3JvdW5kOmd0ZmNfMDcucGRmAA4AGAALAGcAdABmAGMAXwAwADcALgBwAGQAZgAPABoADABNAGEAYwBpAG4AdABvAHMAaAAgAEgARAASAEdVc2Vycy9naGVtaW5nd2F5L0RvY3VtZW50cy9SZXNlYXJjaC9EaXNzZXJ0YXRpb24vQmFja2dyb3VuZC9ndGZjXzA3LnBkZgAAEwABLwAAFQACABH//wAAgAXSHB0eH1gkY2xhc3Nlc1okY2xhc3NuYW1lox8gIV1OU011dGFibGVEYXRhVk5TRGF0YVhOU09iamVjdF8QOy4uLy4uLy4uLy4uLy4uL1Jlc2VhcmNoL0Rpc3NlcnRhdGlvbi9CYWNrZ3JvdW5kL2d0ZmNfMDcucGRm0hwdJCWiJSFcTlNEaWN0aW9uYXJ5EgABhqBfEA9OU0tleWVkQXJjaGl2ZXIACAARABYAHwAoADIANQA6ADwARQBLAFIAXQBlAGwAbwBxAHMAdgB4AHoAfACGAJMAmACgAmoCbAJxAnoChQKJApcCngKnAuUC6gLtAvoC/wAAAAAAAAIBAAAAAAAAACgAAAAAAAAAAAAAAAAAAAMR}}

@article{gs_05,
	Author = {G. Gossler and J. Sifakis},
	Date-Added = {2010-02-02 14:19:28 -0600},
	Date-Modified = {2010-02-02 14:19:55 -0600},
	Keywords = {BIP},
	Title = {Composition for Component-Based Modeling},
	Year = {2005},
	Bdsk-File-1 = {YnBsaXN0MDDUAQIDBAUIJidUJHRvcFgkb2JqZWN0c1gkdmVyc2lvblkkYXJjaGl2ZXLRBgdUcm9vdIABqAkKFRYXGyIjVSRudWxs0wsMDQ4RFFpOUy5vYmplY3RzV05TLmtleXNWJGNsYXNzog8QgASABqISE4ACgAOAB1lhbGlhc0RhdGFccmVsYXRpdmVQYXRo0hgNGRpXTlMuZGF0YU8RAb4AAAAAAb4AAgAADE1hY2ludG9zaCBIRAAAAAAAAAAAAAAAAAAAAMT59JlIKwAAAINcxAlnc18wNS5wZGYAAAAAAAAAAAAAAAAAAAAAAAAAAAAAAAAAAAAAAAAAAAAAAAAAAAAAAAAAAAAAAAAAAAAAAAAAg1zexGQeNAAAAAAAAAAAAAUABAAACSAAAAAAAAAAAAAAAAAAAAAKQmFja2dyb3VuZAAQAAgAAMT6OukAAAARAAgAAMRkZIQAAAABABgAg1zEAINcvwAOh6QACkqvAApKmAAAe9gAAgBSTWFjaW50b3NoIEhEOlVzZXJzOmdoZW1pbmd3YXk6RG9jdW1lbnRzOlJlc2VhcmNoOkRpc3NlcnRhdGlvbjpCYWNrZ3JvdW5kOmdzXzA1LnBkZgAOABQACQBnAHMAXwAwADUALgBwAGQAZgAPABoADABNAGEAYwBpAG4AdABvAHMAaAAgAEgARAASAEVVc2Vycy9naGVtaW5nd2F5L0RvY3VtZW50cy9SZXNlYXJjaC9EaXNzZXJ0YXRpb24vQmFja2dyb3VuZC9nc18wNS5wZGYAABMAAS8AABUAAgAR//8AAIAF0hwdHh9YJGNsYXNzZXNaJGNsYXNzbmFtZaMfICFdTlNNdXRhYmxlRGF0YVZOU0RhdGFYTlNPYmplY3RfEDkuLi8uLi8uLi8uLi8uLi9SZXNlYXJjaC9EaXNzZXJ0YXRpb24vQmFja2dyb3VuZC9nc18wNS5wZGbSHB0kJaIlIVxOU0RpY3Rpb25hcnkSAAGGoF8QD05TS2V5ZWRBcmNoaXZlcgAIABEAFgAfACgAMgA1ADoAPABFAEsAUgBdAGUAbABvAHEAcwB2AHgAegB8AIYAkwCYAKACYgJkAmkCcgJ9AoECjwKWAp8C2wLgAuMC8AL1AAAAAAAAAgEAAAAAAAAAKAAAAAAAAAAAAAAAAAAAAwc=}}

@article{gq_07,
	Author = {S. Graf and S. Quinton},
	Date-Added = {2010-02-02 14:18:18 -0600},
	Date-Modified = {2010-02-02 14:19:02 -0600},
	Keywords = {BIP},
	Title = {Contracts for BIP: Heirarchical Interaction Models for Compositional Verification},
	Year = {2007},
	Bdsk-File-1 = {YnBsaXN0MDDUAQIDBAUIJidUJHRvcFgkb2JqZWN0c1gkdmVyc2lvblkkYXJjaGl2ZXLRBgdUcm9vdIABqAkKFRYXGyIjVSRudWxs0wsMDQ4RFFpOUy5vYmplY3RzV05TLmtleXNWJGNsYXNzog8QgASABqISE4ACgAOAB1lhbGlhc0RhdGFccmVsYXRpdmVQYXRo0hgNGRpXTlMuZGF0YU8RAb4AAAAAAb4AAgAADE1hY2ludG9zaCBIRAAAAAAAAAAAAAAAAAAAAMT59JlIKwAAAINcxAlncV8wNy5wZGYAAAAAAAAAAAAAAAAAAAAAAAAAAAAAAAAAAAAAAAAAAAAAAAAAAAAAAAAAAAAAAAAAAAAAAAAAg1zdxGQeOAAAAAAAAAAAAAUABAAACSAAAAAAAAAAAAAAAAAAAAAKQmFja2dyb3VuZAAQAAgAAMT6OukAAAARAAgAAMRkZIgAAAABABgAg1zEAINcvwAOh6QACkqvAApKmAAAe9gAAgBSTWFjaW50b3NoIEhEOlVzZXJzOmdoZW1pbmd3YXk6RG9jdW1lbnRzOlJlc2VhcmNoOkRpc3NlcnRhdGlvbjpCYWNrZ3JvdW5kOmdxXzA3LnBkZgAOABQACQBnAHEAXwAwADcALgBwAGQAZgAPABoADABNAGEAYwBpAG4AdABvAHMAaAAgAEgARAASAEVVc2Vycy9naGVtaW5nd2F5L0RvY3VtZW50cy9SZXNlYXJjaC9EaXNzZXJ0YXRpb24vQmFja2dyb3VuZC9ncV8wNy5wZGYAABMAAS8AABUAAgAR//8AAIAF0hwdHh9YJGNsYXNzZXNaJGNsYXNzbmFtZaMfICFdTlNNdXRhYmxlRGF0YVZOU0RhdGFYTlNPYmplY3RfEDkuLi8uLi8uLi8uLi8uLi9SZXNlYXJjaC9EaXNzZXJ0YXRpb24vQmFja2dyb3VuZC9ncV8wNy5wZGbSHB0kJaIlIVxOU0RpY3Rpb25hcnkSAAGGoF8QD05TS2V5ZWRBcmNoaXZlcgAIABEAFgAfACgAMgA1ADoAPABFAEsAUgBdAGUAbABvAHEAcwB2AHgAegB8AIYAkwCYAKACYgJkAmkCcgJ9AoECjwKWAp8C2wLgAuMC8AL1AAAAAAAAAgEAAAAAAAAAKAAAAAAAAAAAAAAAAAAAAwc=}}

@article{gks_03,
	Author = {S. Ganeriwal and R. Kumar and M. Srivastava},
	Date-Added = {2010-02-02 14:17:27 -0600},
	Date-Modified = {2010-02-02 14:18:10 -0600},
	Keywords = {Time Synchronization},
	Title = {Timing-Sync Protocol for Sensor Networks},
	Year = {2003},
	Bdsk-File-1 = {YnBsaXN0MDDUAQIDBAUIJidUJHRvcFgkb2JqZWN0c1gkdmVyc2lvblkkYXJjaGl2ZXLRBgdUcm9vdIABqAkKFRYXGyIjVSRudWxs0wsMDQ4RFFpOUy5vYmplY3RzV05TLmtleXNWJGNsYXNzog8QgASABqISE4ACgAOAB1lhbGlhc0RhdGFccmVsYXRpdmVQYXRo0hgNGRpXTlMuZGF0YU8RAcIAAAAAAcIAAgAADE1hY2ludG9zaCBIRAAAAAAAAAAAAAAAAAAAAMT59JlIKwAAAINcxApna3NfMDMucGRmAAAAAAAAAAAAAAAAAAAAAAAAAAAAAAAAAAAAAAAAAAAAAAAAAAAAAAAAAAAAAAAAAAAAAAAAgahfx3ZXGQAAAAAAAAAAAAUABAAACSAAAAAAAAAAAAAAAAAAAAAKQmFja2dyb3VuZAAQAAgAAMT6OukAAAARAAgAAMd2q3kAAAABABgAg1zEAINcvwAOh6QACkqvAApKmAAAe9gAAgBTTWFjaW50b3NoIEhEOlVzZXJzOmdoZW1pbmd3YXk6RG9jdW1lbnRzOlJlc2VhcmNoOkRpc3NlcnRhdGlvbjpCYWNrZ3JvdW5kOmdrc18wMy5wZGYAAA4AFgAKAGcAawBzAF8AMAAzAC4AcABkAGYADwAaAAwATQBhAGMAaQBuAHQAbwBzAGgAIABIAEQAEgBGVXNlcnMvZ2hlbWluZ3dheS9Eb2N1bWVudHMvUmVzZWFyY2gvRGlzc2VydGF0aW9uL0JhY2tncm91bmQvZ2tzXzAzLnBkZgATAAEvAAAVAAIAEf//AACABdIcHR4fWCRjbGFzc2VzWiRjbGFzc25hbWWjHyAhXU5TTXV0YWJsZURhdGFWTlNEYXRhWE5TT2JqZWN0XxA6Li4vLi4vLi4vLi4vLi4vUmVzZWFyY2gvRGlzc2VydGF0aW9uL0JhY2tncm91bmQvZ2tzXzAzLnBkZtIcHSQloiUhXE5TRGljdGlvbmFyeRIAAYagXxAPTlNLZXllZEFyY2hpdmVyAAgAEQAWAB8AKAAyADUAOgA8AEUASwBSAF0AZQBsAG8AcQBzAHYAeAB6AHwAhgCTAJgAoAJmAmgCbQJ2AoEChQKTApoCowLgAuUC6AL1AvoAAAAAAAACAQAAAAAAAAAoAAAAAAAAAAAAAAAAAAADDA==}}

@article{ak_03,
	Author = {A. Agrawal and G. Karsai},
	Date-Added = {2010-02-02 14:15:30 -0600},
	Date-Modified = {2010-02-02 14:16:02 -0600},
	Keywords = {GME},
	Title = {Graph Transformations on Domain-Specific Models},
	Year = {2003},
	Bdsk-File-1 = {YnBsaXN0MDDUAQIDBAUIJidUJHRvcFgkb2JqZWN0c1gkdmVyc2lvblkkYXJjaGl2ZXLRBgdUcm9vdIABqAkKFRYXGyIjVSRudWxs0wsMDQ4RFFpOUy5vYmplY3RzV05TLmtleXNWJGNsYXNzog8QgASABqISE4ACgAOAB1lhbGlhc0RhdGFccmVsYXRpdmVQYXRo0hgNGRpXTlMuZGF0YU8RAcIAAAAAAcIAAgAADE1hY2ludG9zaCBIRAAAAAAAAAAAAAAAAAAAAMT59JlIKwAAAINcxApha3NfMDMucGRmAAAAAAAAAAAAAAAAAAAAAAAAAAAAAAAAAAAAAAAAAAAAAAAAAAAAAAAAAAAAAAAAAAAAAAAAg82Qx43ilwAAAAAAAAAAAAUABAAACSAAAAAAAAAAAAAAAAAAAAAKQmFja2dyb3VuZAAQAAgAAMT6OukAAAARAAgAAMeONvcAAAABABgAg1zEAINcvwAOh6QACkqvAApKmAAAe9gAAgBTTWFjaW50b3NoIEhEOlVzZXJzOmdoZW1pbmd3YXk6RG9jdW1lbnRzOlJlc2VhcmNoOkRpc3NlcnRhdGlvbjpCYWNrZ3JvdW5kOmFrc18wMy5wZGYAAA4AFgAKAGEAawBzAF8AMAAzAC4AcABkAGYADwAaAAwATQBhAGMAaQBuAHQAbwBzAGgAIABIAEQAEgBGVXNlcnMvZ2hlbWluZ3dheS9Eb2N1bWVudHMvUmVzZWFyY2gvRGlzc2VydGF0aW9uL0JhY2tncm91bmQvYWtzXzAzLnBkZgATAAEvAAAVAAIAEf//AACABdIcHR4fWCRjbGFzc2VzWiRjbGFzc25hbWWjHyAhXU5TTXV0YWJsZURhdGFWTlNEYXRhWE5TT2JqZWN0XxA6Li4vLi4vLi4vLi4vLi4vUmVzZWFyY2gvRGlzc2VydGF0aW9uL0JhY2tncm91bmQvYWtzXzAzLnBkZtIcHSQloiUhXE5TRGljdGlvbmFyeRIAAYagXxAPTlNLZXllZEFyY2hpdmVyAAgAEQAWAB8AKAAyADUAOgA8AEUASwBSAF0AZQBsAG8AcQBzAHYAeAB6AHwAhgCTAJgAoAJmAmgCbQJ2AoEChQKTApoCowLgAuUC6AL1AvoAAAAAAAACAQAAAAAAAAAoAAAAAAAAAAAAAAAAAAADDA==}}

@article{aknsv_03,
	Author = {A. Agrawal and G. Karsai and S. Neema and F. Shi and A. Vizhanyo},
	Date-Added = {2010-02-02 14:14:33 -0600},
	Date-Modified = {2010-02-02 14:15:26 -0600},
	Keywords = {GME},
	Title = {The Design of a Language for Model Transformations},
	Year = {2006},
	Bdsk-File-1 = {YnBsaXN0MDDUAQIDBAUIJidUJHRvcFgkb2JqZWN0c1gkdmVyc2lvblkkYXJjaGl2ZXLRBgdUcm9vdIABqAkKFRYXGyIjVSRudWxs0wsMDQ4RFFpOUy5vYmplY3RzV05TLmtleXNWJGNsYXNzog8QgASABqISE4ACgAOAB1lhbGlhc0RhdGFccmVsYXRpdmVQYXRo0hgNGRpXTlMuZGF0YU8RAcoAAAAAAcoAAgAADE1hY2ludG9zaCBIRAAAAAAAAAAAAAAAAAAAAMT59JlIKwAAAINcxAxha25zdl8wMy5wZGYAAAAAAAAAAAAAAAAAAAAAAAAAAAAAAAAAAAAAAAAAAAAAAAAAAAAAAAAAAAAAAAAAAAAAg82mx43irQAAAAAAAAAAAAUABAAACSAAAAAAAAAAAAAAAAAAAAAKQmFja2dyb3VuZAAQAAgAAMT6OukAAAARAAgAAMeONw0AAAABABgAg1zEAINcvwAOh6QACkqvAApKmAAAe9gAAgBVTWFjaW50b3NoIEhEOlVzZXJzOmdoZW1pbmd3YXk6RG9jdW1lbnRzOlJlc2VhcmNoOkRpc3NlcnRhdGlvbjpCYWNrZ3JvdW5kOmFrbnN2XzAzLnBkZgAADgAaAAwAYQBrAG4AcwB2AF8AMAAzAC4AcABkAGYADwAaAAwATQBhAGMAaQBuAHQAbwBzAGgAIABIAEQAEgBIVXNlcnMvZ2hlbWluZ3dheS9Eb2N1bWVudHMvUmVzZWFyY2gvRGlzc2VydGF0aW9uL0JhY2tncm91bmQvYWtuc3ZfMDMucGRmABMAAS8AABUAAgAR//8AAIAF0hwdHh9YJGNsYXNzZXNaJGNsYXNzbmFtZaMfICFdTlNNdXRhYmxlRGF0YVZOU0RhdGFYTlNPYmplY3RfEDwuLi8uLi8uLi8uLi8uLi9SZXNlYXJjaC9EaXNzZXJ0YXRpb24vQmFja2dyb3VuZC9ha25zdl8wMy5wZGbSHB0kJaIlIVxOU0RpY3Rpb25hcnkSAAGGoF8QD05TS2V5ZWRBcmNoaXZlcgAIABEAFgAfACgAMgA1ADoAPABFAEsAUgBdAGUAbABvAHEAcwB2AHgAegB8AIYAkwCYAKACbgJwAnUCfgKJAo0CmwKiAqsC6gLvAvIC/wMEAAAAAAAAAgEAAAAAAAAAKAAAAAAAAAAAAAAAAAAAAxY=}}

@article{fujimoto_98,
	Author = {R. Fujimoto},
	Date-Added = {2010-02-01 11:34:32 -0600},
	Date-Modified = {2010-02-02 13:52:50 -0600},
	Keywords = {HLA},
	Title = {Time Management in the High Level Architecture},
	Year = {1998},
	Bdsk-File-1 = {YnBsaXN0MDDUAQIDBAUIJidUJHRvcFgkb2JqZWN0c1gkdmVyc2lvblkkYXJjaGl2ZXLRBgdUcm9vdIABqAkKFRYXGyIjVSRudWxs0wsMDQ4RFFpOUy5vYmplY3RzV05TLmtleXNWJGNsYXNzog8QgASABqISE4ACgAOAB1lhbGlhc0RhdGFccmVsYXRpdmVQYXRo0hgNGRpXTlMuZGF0YU8RAdYAAAAAAdYAAgAADE1hY2ludG9zaCBIRAAAAAAAAAAAAAAAAAAAAMT59JlIKwAAAINcxA9mdWppbW90b185OC5wZGYAAAAAAAAAAAAAAAAAAAAAAAAAAAAAAAAAAAAAAAAAAAAAAAAAAAAAAAAAAAAAAAAAg1zcxiRpRwAAAAAAAAAAAAUABAAACSAAAAAAAAAAAAAAAAAAAAAKQmFja2dyb3VuZAAQAAgAAMT6OukAAAARAAgAAMYkr5cAAAABABgAg1zEAINcvwAOh6QACkqvAApKmAAAe9gAAgBYTWFjaW50b3NoIEhEOlVzZXJzOmdoZW1pbmd3YXk6RG9jdW1lbnRzOlJlc2VhcmNoOkRpc3NlcnRhdGlvbjpCYWNrZ3JvdW5kOmZ1amltb3RvXzk4LnBkZgAOACAADwBmAHUAagBpAG0AbwB0AG8AXwA5ADgALgBwAGQAZgAPABoADABNAGEAYwBpAG4AdABvAHMAaAAgAEgARAASAEtVc2Vycy9naGVtaW5nd2F5L0RvY3VtZW50cy9SZXNlYXJjaC9EaXNzZXJ0YXRpb24vQmFja2dyb3VuZC9mdWppbW90b185OC5wZGYAABMAAS8AABUAAgAR//8AAIAF0hwdHh9YJGNsYXNzZXNaJGNsYXNzbmFtZaMfICFdTlNNdXRhYmxlRGF0YVZOU0RhdGFYTlNPYmplY3RfED8uLi8uLi8uLi8uLi8uLi9SZXNlYXJjaC9EaXNzZXJ0YXRpb24vQmFja2dyb3VuZC9mdWppbW90b185OC5wZGbSHB0kJaIlIVxOU0RpY3Rpb25hcnkSAAGGoF8QD05TS2V5ZWRBcmNoaXZlcgAIABEAFgAfACgAMgA1ADoAPABFAEsAUgBdAGUAbABvAHEAcwB2AHgAegB8AIYAkwCYAKACegJ8AoECigKVApkCpwKuArcC+QL+AwEDDgMTAAAAAAAAAgEAAAAAAAAAKAAAAAAAAAAAAAAAAAAAAyU=}}

@techreport{friedrich_09,
	Author = {L. Friedrich},
	Date-Added = {2010-02-01 11:33:31 -0600},
	Date-Modified = {2010-02-01 11:34:23 -0600},
	Institution = {Faculdade de Ciencias da Universidade de Lisboa},
	Title = {A Survery of Operating Systems Infrastructure for Embedded Systems},
	Year = {2009},
	Bdsk-File-1 = {YnBsaXN0MDDUAQIDBAUIJidUJHRvcFgkb2JqZWN0c1gkdmVyc2lvblkkYXJjaGl2ZXLRBgdUcm9vdIABqAkKFRYXGyIjVSRudWxs0wsMDQ4RFFpOUy5vYmplY3RzV05TLmtleXNWJGNsYXNzog8QgASABqISE4ACgAOAB1lhbGlhc0RhdGFccmVsYXRpdmVQYXRo0hgNGRpXTlMuZGF0YU8RAdoAAAAAAdoAAgAADE1hY2ludG9zaCBIRAAAAAAAAAAAAAAAAAAAAMT59JlIKwAAAINcxBBmcmllZHJpY2hfMDkucGRmAAAAAAAAAAAAAAAAAAAAAAAAAAAAAAAAAAAAAAAAAAAAAAAAAAAAAAAAAAAAAAAAfcE0x00mkgAAAAAAAAAAAAUABAAACSAAAAAAAAAAAAAAAAAAAAAKQmFja2dyb3VuZAAQAAgAAMT6OukAAAARAAgAAMdNevIAAAABABgAg1zEAINcvwAOh6QACkqvAApKmAAAe9gAAgBZTWFjaW50b3NoIEhEOlVzZXJzOmdoZW1pbmd3YXk6RG9jdW1lbnRzOlJlc2VhcmNoOkRpc3NlcnRhdGlvbjpCYWNrZ3JvdW5kOmZyaWVkcmljaF8wOS5wZGYAAA4AIgAQAGYAcgBpAGUAZAByAGkAYwBoAF8AMAA5AC4AcABkAGYADwAaAAwATQBhAGMAaQBuAHQAbwBzAGgAIABIAEQAEgBMVXNlcnMvZ2hlbWluZ3dheS9Eb2N1bWVudHMvUmVzZWFyY2gvRGlzc2VydGF0aW9uL0JhY2tncm91bmQvZnJpZWRyaWNoXzA5LnBkZgATAAEvAAAVAAIAEf//AACABdIcHR4fWCRjbGFzc2VzWiRjbGFzc25hbWWjHyAhXU5TTXV0YWJsZURhdGFWTlNEYXRhWE5TT2JqZWN0XxBALi4vLi4vLi4vLi4vLi4vUmVzZWFyY2gvRGlzc2VydGF0aW9uL0JhY2tncm91bmQvZnJpZWRyaWNoXzA5LnBkZtIcHSQloiUhXE5TRGljdGlvbmFyeRIAAYagXxAPTlNLZXllZEFyY2hpdmVyAAgAEQAWAB8AKAAyADUAOgA8AEUASwBSAF0AZQBsAG8AcQBzAHYAeAB6AHwAhgCTAJgAoAJ+AoAChQKOApkCnQKrArICuwL+AwMDBgMTAxgAAAAAAAACAQAAAAAAAAAoAAAAAAAAAAAAAAAAAAADKg==}}

@article{fhspks_07,
	Author = {R. Fujimoto and M. Hunter and J. Sirichoke and M. Palekar and H. Kim and W. Suh},
	Date-Added = {2010-02-01 11:32:36 -0600},
	Date-Modified = {2010-02-02 14:17:17 -0600},
	Keywords = {Simulation},
	Title = {Ad Hoc Distributed Simulation},
	Year = {2007},
	Bdsk-File-1 = {YnBsaXN0MDDUAQIDBAUIJidUJHRvcFgkb2JqZWN0c1gkdmVyc2lvblkkYXJjaGl2ZXLRBgdUcm9vdIABqAkKFRYXGyIjVSRudWxs0wsMDQ4RFFpOUy5vYmplY3RzV05TLmtleXNWJGNsYXNzog8QgASABqISE4ACgAOAB1lhbGlhc0RhdGFccmVsYXRpdmVQYXRo0hgNGRpXTlMuZGF0YU8RAc4AAAAAAc4AAgAADE1hY2ludG9zaCBIRAAAAAAAAAAAAAAAAAAAAMT59JlIKwAAAINcxA1maHNwa3NfMDcucGRmAAAAAAAAAAAAAAAAAAAAAAAAAAAAAAAAAAAAAAAAAAAAAAAAAAAAAAAAAAAAAAAAAAAAg1ztwoSC9AAAAAAAAAAAAAUABAAACSAAAAAAAAAAAAAAAAAAAAAKQmFja2dyb3VuZAAQAAgAAMT6OukAAAARAAgAAMKEyUQAAAABABgAg1zEAINcvwAOh6QACkqvAApKmAAAe9gAAgBWTWFjaW50b3NoIEhEOlVzZXJzOmdoZW1pbmd3YXk6RG9jdW1lbnRzOlJlc2VhcmNoOkRpc3NlcnRhdGlvbjpCYWNrZ3JvdW5kOmZoc3Brc18wNy5wZGYADgAcAA0AZgBoAHMAcABrAHMAXwAwADcALgBwAGQAZgAPABoADABNAGEAYwBpAG4AdABvAHMAaAAgAEgARAASAElVc2Vycy9naGVtaW5nd2F5L0RvY3VtZW50cy9SZXNlYXJjaC9EaXNzZXJ0YXRpb24vQmFja2dyb3VuZC9maHNwa3NfMDcucGRmAAATAAEvAAAVAAIAEf//AACABdIcHR4fWCRjbGFzc2VzWiRjbGFzc25hbWWjHyAhXU5TTXV0YWJsZURhdGFWTlNEYXRhWE5TT2JqZWN0XxA9Li4vLi4vLi4vLi4vLi4vUmVzZWFyY2gvRGlzc2VydGF0aW9uL0JhY2tncm91bmQvZmhzcGtzXzA3LnBkZtIcHSQloiUhXE5TRGljdGlvbmFyeRIAAYagXxAPTlNLZXllZEFyY2hpdmVyAAgAEQAWAB8AKAAyADUAOgA8AEUASwBSAF0AZQBsAG8AcQBzAHYAeAB6AHwAhgCTAJgAoAJyAnQCeQKCAo0CkQKfAqYCrwLvAvQC9wMEAwkAAAAAAAACAQAAAAAAAAAoAAAAAAAAAAAAAAAAAAADGw==}}

@article{er_97,
	Author = {S. Even and S. Rajsbaum},
	Date-Added = {2010-02-01 11:30:57 -0600},
	Date-Modified = {2010-02-01 11:32:06 -0600},
	Journal = {Theory of Computing Systems},
	Keywords = {Clock Synchronization},
	Title = {The Use of a Synchronizer Yields the Maximum Computation Rate in Distributed Networks},
	Year = {1997},
	Bdsk-File-1 = {YnBsaXN0MDDUAQIDBAUIJidUJHRvcFgkb2JqZWN0c1gkdmVyc2lvblkkYXJjaGl2ZXLRBgdUcm9vdIABqAkKFRYXGyIjVSRudWxs0wsMDQ4RFFpOUy5vYmplY3RzV05TLmtleXNWJGNsYXNzog8QgASABqISE4ACgAOAB1lhbGlhc0RhdGFccmVsYXRpdmVQYXRo0hgNGRpXTlMuZGF0YU8RAb4AAAAAAb4AAgAADE1hY2ludG9zaCBIRAAAAAAAAAAAAAAAAAAAAMT59JlIKwAAAINcxAllcl85Ny5wZGYAAAAAAAAAAAAAAAAAAAAAAAAAAAAAAAAAAAAAAAAAAAAAAAAAAAAAAAAAAAAAAAAAAAAAAAAAgQSFx3CYTQAAAAAAAAAAAAUABAAACSAAAAAAAAAAAAAAAAAAAAAKQmFja2dyb3VuZAAQAAgAAMT6OukAAAARAAgAAMdw7K0AAAABABgAg1zEAINcvwAOh6QACkqvAApKmAAAe9gAAgBSTWFjaW50b3NoIEhEOlVzZXJzOmdoZW1pbmd3YXk6RG9jdW1lbnRzOlJlc2VhcmNoOkRpc3NlcnRhdGlvbjpCYWNrZ3JvdW5kOmVyXzk3LnBkZgAOABQACQBlAHIAXwA5ADcALgBwAGQAZgAPABoADABNAGEAYwBpAG4AdABvAHMAaAAgAEgARAASAEVVc2Vycy9naGVtaW5nd2F5L0RvY3VtZW50cy9SZXNlYXJjaC9EaXNzZXJ0YXRpb24vQmFja2dyb3VuZC9lcl85Ny5wZGYAABMAAS8AABUAAgAR//8AAIAF0hwdHh9YJGNsYXNzZXNaJGNsYXNzbmFtZaMfICFdTlNNdXRhYmxlRGF0YVZOU0RhdGFYTlNPYmplY3RfEDkuLi8uLi8uLi8uLi8uLi9SZXNlYXJjaC9EaXNzZXJ0YXRpb24vQmFja2dyb3VuZC9lcl85Ny5wZGbSHB0kJaIlIVxOU0RpY3Rpb25hcnkSAAGGoF8QD05TS2V5ZWRBcmNoaXZlcgAIABEAFgAfACgAMgA1ADoAPABFAEsAUgBdAGUAbABvAHEAcwB2AHgAegB8AIYAkwCYAKACYgJkAmkCcgJ9AoECjwKWAp8C2wLgAuMC8AL1AAAAAAAAAgEAAAAAAAAAKAAAAAAAAAAAAAAAAAAAAwc=}}

@mastersthesis{engen_07,
	Author = {M. Engen},
	Date-Added = {2010-02-01 11:29:17 -0600},
	Date-Modified = {2010-02-01 11:30:19 -0600},
	School = {Norwegian University of Science and Technology},
	Title = {Better Real-Time Capabilities for the AVR32 Linux Kernel},
	Year = {2007},
	Bdsk-File-1 = {YnBsaXN0MDDUAQIDBAUIJidUJHRvcFgkb2JqZWN0c1gkdmVyc2lvblkkYXJjaGl2ZXLRBgdUcm9vdIABqAkKFRYXGyIjVSRudWxs0wsMDQ4RFFpOUy5vYmplY3RzV05TLmtleXNWJGNsYXNzog8QgASABqISE4ACgAOAB1lhbGlhc0RhdGFccmVsYXRpdmVQYXRo0hgNGRpXTlMuZGF0YU8RAcoAAAAAAcoAAgAADE1hY2ludG9zaCBIRAAAAAAAAAAAAAAAAAAAAMT59JlIKwAAAINcxAxlbmdlbl8wNy5wZGYAAAAAAAAAAAAAAAAAAAAAAAAAAAAAAAAAAAAAAAAAAAAAAAAAAAAAAAAAAAAAAAAAAAAAgPQbx2zM+wAAAAAAAAAAAAUABAAACSAAAAAAAAAAAAAAAAAAAAAKQmFja2dyb3VuZAAQAAgAAMT6OukAAAARAAgAAMdtIVsAAAABABgAg1zEAINcvwAOh6QACkqvAApKmAAAe9gAAgBVTWFjaW50b3NoIEhEOlVzZXJzOmdoZW1pbmd3YXk6RG9jdW1lbnRzOlJlc2VhcmNoOkRpc3NlcnRhdGlvbjpCYWNrZ3JvdW5kOmVuZ2VuXzA3LnBkZgAADgAaAAwAZQBuAGcAZQBuAF8AMAA3AC4AcABkAGYADwAaAAwATQBhAGMAaQBuAHQAbwBzAGgAIABIAEQAEgBIVXNlcnMvZ2hlbWluZ3dheS9Eb2N1bWVudHMvUmVzZWFyY2gvRGlzc2VydGF0aW9uL0JhY2tncm91bmQvZW5nZW5fMDcucGRmABMAAS8AABUAAgAR//8AAIAF0hwdHh9YJGNsYXNzZXNaJGNsYXNzbmFtZaMfICFdTlNNdXRhYmxlRGF0YVZOU0RhdGFYTlNPYmplY3RfEDwuLi8uLi8uLi8uLi8uLi9SZXNlYXJjaC9EaXNzZXJ0YXRpb24vQmFja2dyb3VuZC9lbmdlbl8wNy5wZGbSHB0kJaIlIVxOU0RpY3Rpb25hcnkSAAGGoF8QD05TS2V5ZWRBcmNoaXZlcgAIABEAFgAfACgAMgA1ADoAPABFAEsAUgBdAGUAbABvAHEAcwB2AHgAegB8AIYAkwCYAKACbgJwAnUCfgKJAo0CmwKiAqsC6gLvAvIC/wMEAAAAAAAAAgEAAAAAAAAAKAAAAAAAAAAAAAAAAAAAAxY=}}

@article{ehu_08,
	Author = {R. Ewald and J. Himmelspach and A. Uhrmacher},
	Date-Added = {2010-02-01 11:28:23 -0600},
	Date-Modified = {2010-02-01 11:29:07 -0600},
	Keywords = {Simulation},
	Title = {An Algorithm Selection Approach for Simulation Systems},
	Year = {2008},
	Bdsk-File-1 = {YnBsaXN0MDDUAQIDBAUIJidUJHRvcFgkb2JqZWN0c1gkdmVyc2lvblkkYXJjaGl2ZXLRBgdUcm9vdIABqAkKFRYXGyIjVSRudWxs0wsMDQ4RFFpOUy5vYmplY3RzV05TLmtleXNWJGNsYXNzog8QgASABqISE4ACgAOAB1lhbGlhc0RhdGFccmVsYXRpdmVQYXRo0hgNGRpXTlMuZGF0YU8RAcIAAAAAAcIAAgAADE1hY2ludG9zaCBIRAAAAAAAAAAAAAAAAAAAAMT59JlIKwAAAINcxAplaHVfMDgucGRmAAAAAAAAAAAAAAAAAAAAAAAAAAAAAAAAAAAAAAAAAAAAAAAAAAAAAAAAAAAAAAAAAAAAAAAAg1zsxPVtyQAAAAAAAAAAAAUABAAACSAAAAAAAAAAAAAAAAAAAAAKQmFja2dyb3VuZAAQAAgAAMT6OukAAAARAAgAAMT1tBkAAAABABgAg1zEAINcvwAOh6QACkqvAApKmAAAe9gAAgBTTWFjaW50b3NoIEhEOlVzZXJzOmdoZW1pbmd3YXk6RG9jdW1lbnRzOlJlc2VhcmNoOkRpc3NlcnRhdGlvbjpCYWNrZ3JvdW5kOmVodV8wOC5wZGYAAA4AFgAKAGUAaAB1AF8AMAA4AC4AcABkAGYADwAaAAwATQBhAGMAaQBuAHQAbwBzAGgAIABIAEQAEgBGVXNlcnMvZ2hlbWluZ3dheS9Eb2N1bWVudHMvUmVzZWFyY2gvRGlzc2VydGF0aW9uL0JhY2tncm91bmQvZWh1XzA4LnBkZgATAAEvAAAVAAIAEf//AACABdIcHR4fWCRjbGFzc2VzWiRjbGFzc25hbWWjHyAhXU5TTXV0YWJsZURhdGFWTlNEYXRhWE5TT2JqZWN0XxA6Li4vLi4vLi4vLi4vLi4vUmVzZWFyY2gvRGlzc2VydGF0aW9uL0JhY2tncm91bmQvZWh1XzA4LnBkZtIcHSQloiUhXE5TRGljdGlvbmFyeRIAAYagXxAPTlNLZXllZEFyY2hpdmVyAAgAEQAWAB8AKAAyADUAOgA8AEUASwBSAF0AZQBsAG8AcQBzAHYAeAB6AHwAhgCTAJgAoAJmAmgCbQJ2AoEChQKTApoCowLgAuUC6AL1AvoAAAAAAAACAQAAAAAAAAAoAAAAAAAAAAAAAAAAAAADDA==}}

@conference{ec_99,
	Author = {J. Eker and A. Cervin},
	Booktitle = {Proceedings of the 6th International Conference on Real-Time Computing Systems and Applications},
	Date-Added = {2010-02-01 11:27:32 -0600},
	Date-Modified = {2010-02-12 10:30:06 -0600},
	Keywords = {TrueTime},
	Pages = {320--327},
	Title = {A Matlab Toolbox for Real-Time and Control Systems Co-Design},
	Year = {1999},
	Bdsk-File-1 = {YnBsaXN0MDDUAQIDBAUIJidUJHRvcFgkb2JqZWN0c1gkdmVyc2lvblkkYXJjaGl2ZXLRBgdUcm9vdIABqAkKFRYXGyIjVSRudWxs0wsMDQ4RFFpOUy5vYmplY3RzV05TLmtleXNWJGNsYXNzog8QgASABqISE4ACgAOAB1lhbGlhc0RhdGFccmVsYXRpdmVQYXRo0hgNGRpXTlMuZGF0YU8RAb4AAAAAAb4AAgAADE1hY2ludG9zaCBIRAAAAAAAAAAAAAAAAAAAAMT59JlIKwAAAINcxAllY185OS5wZGYAAAAAAAAAAAAAAAAAAAAAAAAAAAAAAAAAAAAAAAAAAAAAAAAAAAAAAAAAAAAAAAAAAAAAAAAAgzuVx4hiXgAAAAAAAAAAAAUABAAACSAAAAAAAAAAAAAAAAAAAAAKQmFja2dyb3VuZAAQAAgAAMT6OukAAAARAAgAAMeItr4AAAABABgAg1zEAINcvwAOh6QACkqvAApKmAAAe9gAAgBSTWFjaW50b3NoIEhEOlVzZXJzOmdoZW1pbmd3YXk6RG9jdW1lbnRzOlJlc2VhcmNoOkRpc3NlcnRhdGlvbjpCYWNrZ3JvdW5kOmVjXzk5LnBkZgAOABQACQBlAGMAXwA5ADkALgBwAGQAZgAPABoADABNAGEAYwBpAG4AdABvAHMAaAAgAEgARAASAEVVc2Vycy9naGVtaW5nd2F5L0RvY3VtZW50cy9SZXNlYXJjaC9EaXNzZXJ0YXRpb24vQmFja2dyb3VuZC9lY185OS5wZGYAABMAAS8AABUAAgAR//8AAIAF0hwdHh9YJGNsYXNzZXNaJGNsYXNzbmFtZaMfICFdTlNNdXRhYmxlRGF0YVZOU0RhdGFYTlNPYmplY3RfEDkuLi8uLi8uLi8uLi8uLi9SZXNlYXJjaC9EaXNzZXJ0YXRpb24vQmFja2dyb3VuZC9lY185OS5wZGbSHB0kJaIlIVxOU0RpY3Rpb25hcnkSAAGGoF8QD05TS2V5ZWRBcmNoaXZlcgAIABEAFgAfACgAMgA1ADoAPABFAEsAUgBdAGUAbABvAHEAcwB2AHgAegB8AIYAkwCYAKACYgJkAmkCcgJ9AoECjwKWAp8C2wLgAuMC8AL1AAAAAAAAAgEAAAAAAAAAKAAAAAAAAAAAAAAAAAAAAwc=}}

@techreport{dkkm_09,
	Author = {A. Dubey and G. Karsai and R. Kereskenyi and N. Mahadevan},
	Date-Added = {2010-02-01 11:26:08 -0600},
	Date-Modified = {2010-02-01 11:27:15 -0600},
	Institution = {Institue for Software Integrated Systems, Vanderbilt University},
	Title = {Towards a Real-time Component Framework for Software Health Management},
	Year = {2009},
	Bdsk-File-1 = {YnBsaXN0MDDUAQIDBAUIJidUJHRvcFgkb2JqZWN0c1gkdmVyc2lvblkkYXJjaGl2ZXLRBgdUcm9vdIABqAkKFRYXGyIjVSRudWxs0wsMDQ4RFFpOUy5vYmplY3RzV05TLmtleXNWJGNsYXNzog8QgASABqISE4ACgAOAB1lhbGlhc0RhdGFccmVsYXRpdmVQYXRo0hgNGRpXTlMuZGF0YU8RAcYAAAAAAcYAAgAADE1hY2ludG9zaCBIRAAAAAAAAAAAAAAAAAAAAMT59JlIKwAAAINcxAtka2ttXzA5LnBkZgAAAAAAAAAAAAAAAAAAAAAAAAAAAAAAAAAAAAAAAAAAAAAAAAAAAAAAAAAAAAAAAAAAAAAAg16Wx4xLqAAAAAAAAAAAAAUABAAACSAAAAAAAAAAAAAAAAAAAAAKQmFja2dyb3VuZAAQAAgAAMT6OukAAAARAAgAAMeMoAgAAAABABgAg1zEAINcvwAOh6QACkqvAApKmAAAe9gAAgBUTWFjaW50b3NoIEhEOlVzZXJzOmdoZW1pbmd3YXk6RG9jdW1lbnRzOlJlc2VhcmNoOkRpc3NlcnRhdGlvbjpCYWNrZ3JvdW5kOmRra21fMDkucGRmAA4AGAALAGQAawBrAG0AXwAwADkALgBwAGQAZgAPABoADABNAGEAYwBpAG4AdABvAHMAaAAgAEgARAASAEdVc2Vycy9naGVtaW5nd2F5L0RvY3VtZW50cy9SZXNlYXJjaC9EaXNzZXJ0YXRpb24vQmFja2dyb3VuZC9ka2ttXzA5LnBkZgAAEwABLwAAFQACABH//wAAgAXSHB0eH1gkY2xhc3Nlc1okY2xhc3NuYW1lox8gIV1OU011dGFibGVEYXRhVk5TRGF0YVhOU09iamVjdF8QOy4uLy4uLy4uLy4uLy4uL1Jlc2VhcmNoL0Rpc3NlcnRhdGlvbi9CYWNrZ3JvdW5kL2Rra21fMDkucGRm0hwdJCWiJSFcTlNEaWN0aW9uYXJ5EgABhqBfEA9OU0tleWVkQXJjaGl2ZXIACAARABYAHwAoADIANQA6ADwARQBLAFIAXQBlAGwAbwBxAHMAdgB4AHoAfACGAJMAmACgAmoCbAJxAnoChQKJApcCngKnAuUC6gLtAvoC/wAAAAAAAAIBAAAAAAAAACgAAAAAAAAAAAAAAAAAAAMR}}

@article{crowley_08,
	Author = {P. Crowley},
	Date-Added = {2010-02-01 11:25:26 -0600},
	Date-Modified = {2010-02-01 11:26:03 -0600},
	Keywords = {Simulation},
	Title = {A Dynamic Publish-Subscribe Network for Distributed Simulation},
	Year = {2008},
	Bdsk-File-1 = {YnBsaXN0MDDUAQIDBAUIJidUJHRvcFgkb2JqZWN0c1gkdmVyc2lvblkkYXJjaGl2ZXLRBgdUcm9vdIABqAkKFRYXGyIjVSRudWxs0wsMDQ4RFFpOUy5vYmplY3RzV05TLmtleXNWJGNsYXNzog8QgASABqISE4ACgAOAB1lhbGlhc0RhdGFccmVsYXRpdmVQYXRo0hgNGRpXTlMuZGF0YU8RAdIAAAAAAdIAAgAADE1hY2ludG9zaCBIRAAAAAAAAAAAAAAAAAAAAMT59JlIKwAAAINcxA5jcm93bGV5XzA4LnBkZgAAAAAAAAAAAAAAAAAAAAAAAAAAAAAAAAAAAAAAAAAAAAAAAAAAAAAAAAAAAAAAAAAAg1zrxPVt1gAAAAAAAAAAAAUABAAACSAAAAAAAAAAAAAAAAAAAAAKQmFja2dyb3VuZAAQAAgAAMT6OukAAAARAAgAAMT1tCYAAAABABgAg1zEAINcvwAOh6QACkqvAApKmAAAe9gAAgBXTWFjaW50b3NoIEhEOlVzZXJzOmdoZW1pbmd3YXk6RG9jdW1lbnRzOlJlc2VhcmNoOkRpc3NlcnRhdGlvbjpCYWNrZ3JvdW5kOmNyb3dsZXlfMDgucGRmAAAOAB4ADgBjAHIAbwB3AGwAZQB5AF8AMAA4AC4AcABkAGYADwAaAAwATQBhAGMAaQBuAHQAbwBzAGgAIABIAEQAEgBKVXNlcnMvZ2hlbWluZ3dheS9Eb2N1bWVudHMvUmVzZWFyY2gvRGlzc2VydGF0aW9uL0JhY2tncm91bmQvY3Jvd2xleV8wOC5wZGYAEwABLwAAFQACABH//wAAgAXSHB0eH1gkY2xhc3Nlc1okY2xhc3NuYW1lox8gIV1OU011dGFibGVEYXRhVk5TRGF0YVhOU09iamVjdF8QPi4uLy4uLy4uLy4uLy4uL1Jlc2VhcmNoL0Rpc3NlcnRhdGlvbi9CYWNrZ3JvdW5kL2Nyb3dsZXlfMDgucGRm0hwdJCWiJSFcTlNEaWN0aW9uYXJ5EgABhqBfEA9OU0tleWVkQXJjaGl2ZXIACAARABYAHwAoADIANQA6ADwARQBLAFIAXQBlAGwAbwBxAHMAdgB4AHoAfACGAJMAmACgAnYCeAJ9AoYCkQKVAqMCqgKzAvQC+QL8AwkDDgAAAAAAAAIBAAAAAAAAACgAAAAAAAAAAAAAAAAAAAMg},
	Bdsk-File-2 = {YnBsaXN0MDDUAQIDBAUIJidUJHRvcFgkb2JqZWN0c1gkdmVyc2lvblkkYXJjaGl2ZXLRBgdUcm9vdIABqAkKFRYXGyIjVSRudWxs0wsMDQ4RFFpOUy5vYmplY3RzV05TLmtleXNWJGNsYXNzog8QgASABqISE4ACgAOAB1lhbGlhc0RhdGFccmVsYXRpdmVQYXRo0hgNGRpXTlMuZGF0YU8RAb4AAAAAAb4AAgAADE1hY2ludG9zaCBIRAAAAAAAAAAAAAAAAAAAAMT59JlIKwAAAINcxAlnc18wNS5wZGYAAAAAAAAAAAAAAAAAAAAAAAAAAAAAAAAAAAAAAAAAAAAAAAAAAAAAAAAAAAAAAAAAAAAAAAAAg1zexGQeNAAAAAAAAAAAAAUABAAACSAAAAAAAAAAAAAAAAAAAAAKQmFja2dyb3VuZAAQAAgAAMT6OukAAAARAAgAAMRkZIQAAAABABgAg1zEAINcvwAOh6QACkqvAApKmAAAe9gAAgBSTWFjaW50b3NoIEhEOlVzZXJzOmdoZW1pbmd3YXk6RG9jdW1lbnRzOlJlc2VhcmNoOkRpc3NlcnRhdGlvbjpCYWNrZ3JvdW5kOmdzXzA1LnBkZgAOABQACQBnAHMAXwAwADUALgBwAGQAZgAPABoADABNAGEAYwBpAG4AdABvAHMAaAAgAEgARAASAEVVc2Vycy9naGVtaW5nd2F5L0RvY3VtZW50cy9SZXNlYXJjaC9EaXNzZXJ0YXRpb24vQmFja2dyb3VuZC9nc18wNS5wZGYAABMAAS8AABUAAgAR//8AAIAF0hwdHh9YJGNsYXNzZXNaJGNsYXNzbmFtZaMfICFdTlNNdXRhYmxlRGF0YVZOU0RhdGFYTlNPYmplY3RfEDkuLi8uLi8uLi8uLi8uLi9SZXNlYXJjaC9EaXNzZXJ0YXRpb24vQmFja2dyb3VuZC9nc18wNS5wZGbSHB0kJaIlIVxOU0RpY3Rpb25hcnkSAAGGoF8QD05TS2V5ZWRBcmNoaXZlcgAIABEAFgAfACgAMgA1ADoAPABFAEsAUgBdAGUAbABvAHEAcwB2AHgAegB8AIYAkwCYAKACYgJkAmkCcgJ9AoECjwKWAp8C2wLgAuMC8AL1AAAAAAAAAgEAAAAAAAAAKAAAAAAAAAAAAAAAAAAAAwc=}}

@manual{cho_09,
	Author = {A. Cervin and D. Henriksson and M. Ohlin},
	Date-Added = {2010-02-01 11:24:25 -0600},
	Date-Modified = {2010-02-01 11:25:19 -0600},
	Keywords = {TrueTime},
	Month = {January},
	Organization = {Department of Automatic Control, Lund University},
	Title = {TruTime 2.0 beta - Reference Manual},
	Year = {2009},
	Bdsk-File-1 = {YnBsaXN0MDDUAQIDBAUIJidUJHRvcFgkb2JqZWN0c1gkdmVyc2lvblkkYXJjaGl2ZXLRBgdUcm9vdIABqAkKFRYXGyIjVSRudWxs0wsMDQ4RFFpOUy5vYmplY3RzV05TLmtleXNWJGNsYXNzog8QgASABqISE4ACgAOAB1lhbGlhc0RhdGFccmVsYXRpdmVQYXRo0hgNGRpXTlMuZGF0YU8RAcIAAAAAAcIAAgAADE1hY2ludG9zaCBIRAAAAAAAAAAAAAAAAAAAAMT59JlIKwAAAINcxApjaG9fMDkucGRmAAAAAAAAAAAAAAAAAAAAAAAAAAAAAAAAAAAAAAAAAAAAAAAAAAAAAAAAAAAAAAAAAAAAAAAAg14kx4xKwQAAAAAAAAAAAAUABAAACSAAAAAAAAAAAAAAAAAAAAAKQmFja2dyb3VuZAAQAAgAAMT6OukAAAARAAgAAMeMnyEAAAABABgAg1zEAINcvwAOh6QACkqvAApKmAAAe9gAAgBTTWFjaW50b3NoIEhEOlVzZXJzOmdoZW1pbmd3YXk6RG9jdW1lbnRzOlJlc2VhcmNoOkRpc3NlcnRhdGlvbjpCYWNrZ3JvdW5kOmNob18wOS5wZGYAAA4AFgAKAGMAaABvAF8AMAA5AC4AcABkAGYADwAaAAwATQBhAGMAaQBuAHQAbwBzAGgAIABIAEQAEgBGVXNlcnMvZ2hlbWluZ3dheS9Eb2N1bWVudHMvUmVzZWFyY2gvRGlzc2VydGF0aW9uL0JhY2tncm91bmQvY2hvXzA5LnBkZgATAAEvAAAVAAIAEf//AACABdIcHR4fWCRjbGFzc2VzWiRjbGFzc25hbWWjHyAhXU5TTXV0YWJsZURhdGFWTlNEYXRhWE5TT2JqZWN0XxA6Li4vLi4vLi4vLi4vLi4vUmVzZWFyY2gvRGlzc2VydGF0aW9uL0JhY2tncm91bmQvY2hvXzA5LnBkZtIcHSQloiUhXE5TRGljdGlvbmFyeRIAAYagXxAPTlNLZXllZEFyY2hpdmVyAAgAEQAWAB8AKAAyADUAOgA8AEUASwBSAF0AZQBsAG8AcQBzAHYAeAB6AHwAhgCTAJgAoAJmAmgCbQJ2AoEChQKTApoCowLgAuUC6AL1AvoAAAAAAAACAQAAAAAAAAAoAAAAAAAAAAAAAAAAAAADDA==}}

@article{cha_97,
	Author = {W. Chang and S. Ha and E. Lee},
	Date-Added = {2010-02-01 11:23:39 -0600},
	Date-Modified = {2010-02-01 11:24:21 -0600},
	Keywords = {Simulation},
	Title = {Heterogeneous Simulation - Mixing Discreet-Event Models with Dataflow},
	Year = {1997},
	Bdsk-File-1 = {YnBsaXN0MDDUAQIDBAUIJidUJHRvcFgkb2JqZWN0c1gkdmVyc2lvblkkYXJjaGl2ZXLRBgdUcm9vdIABqAkKFRYXGyIjVSRudWxs0wsMDQ4RFFpOUy5vYmplY3RzV05TLmtleXNWJGNsYXNzog8QgASABqISE4ACgAOAB1lhbGlhc0RhdGFccmVsYXRpdmVQYXRo0hgNGRpXTlMuZGF0YU8RAcIAAAAAAcIAAgAADE1hY2ludG9zaCBIRAAAAAAAAAAAAAAAAAAAAMT59JlIKwAAAINcxApjaGFfOTcucGRmAAAAAAAAAAAAAAAAAAAAAAAAAAAAAAAAAAAAAAAAAAAAAAAAAAAAAAAAAAAAAAAAAAAAAAAAg1zbxiRn4wAAAAAAAAAAAAUABAAACSAAAAAAAAAAAAAAAAAAAAAKQmFja2dyb3VuZAAQAAgAAMT6OukAAAARAAgAAMYkrjMAAAABABgAg1zEAINcvwAOh6QACkqvAApKmAAAe9gAAgBTTWFjaW50b3NoIEhEOlVzZXJzOmdoZW1pbmd3YXk6RG9jdW1lbnRzOlJlc2VhcmNoOkRpc3NlcnRhdGlvbjpCYWNrZ3JvdW5kOmNoYV85Ny5wZGYAAA4AFgAKAGMAaABhAF8AOQA3AC4AcABkAGYADwAaAAwATQBhAGMAaQBuAHQAbwBzAGgAIABIAEQAEgBGVXNlcnMvZ2hlbWluZ3dheS9Eb2N1bWVudHMvUmVzZWFyY2gvRGlzc2VydGF0aW9uL0JhY2tncm91bmQvY2hhXzk3LnBkZgATAAEvAAAVAAIAEf//AACABdIcHR4fWCRjbGFzc2VzWiRjbGFzc25hbWWjHyAhXU5TTXV0YWJsZURhdGFWTlNEYXRhWE5TT2JqZWN0XxA6Li4vLi4vLi4vLi4vLi4vUmVzZWFyY2gvRGlzc2VydGF0aW9uL0JhY2tncm91bmQvY2hhXzk3LnBkZtIcHSQloiUhXE5TRGljdGlvbmFyeRIAAYagXxAPTlNLZXllZEFyY2hpdmVyAAgAEQAWAB8AKAAyADUAOgA8AEUASwBSAF0AZQBsAG8AcQBzAHYAeAB6AHwAhgCTAJgAoAJmAmgCbQJ2AoEChQKTApoCowLgAuUC6AL1AvoAAAAAAAACAQAAAAAAAAAoAAAAAAAAAAAAAAAAAAADDA==}}

@article{ch_71,
	Author = {F. Commoner and A.W. Holt},
	Date-Added = {2010-02-01 11:23:09 -0600},
	Date-Modified = {2010-02-01 11:23:33 -0600},
	Keywords = {Theory},
	Title = {Marked Directed Graphs},
	Year = {1971},
	Bdsk-File-1 = {YnBsaXN0MDDUAQIDBAUIJidUJHRvcFgkb2JqZWN0c1gkdmVyc2lvblkkYXJjaGl2ZXLRBgdUcm9vdIABqAkKFRYXGyIjVSRudWxs0wsMDQ4RFFpOUy5vYmplY3RzV05TLmtleXNWJGNsYXNzog8QgASABqISE4ACgAOAB1lhbGlhc0RhdGFccmVsYXRpdmVQYXRo0hgNGRpXTlMuZGF0YU8RAb4AAAAAAb4AAgAADE1hY2ludG9zaCBIRAAAAAAAAAAAAAAAAAAAAMT59JlIKwAAAINcxAljaF83MS5wZGYAAAAAAAAAAAAAAAAAAAAAAAAAAAAAAAAAAAAAAAAAAAAAAAAAAAAAAAAAAAAAAAAAAAAAAAAAgQRax3CYHwAAAAAAAAAAAAUABAAACSAAAAAAAAAAAAAAAAAAAAAKQmFja2dyb3VuZAAQAAgAAMT6OukAAAARAAgAAMdw7H8AAAABABgAg1zEAINcvwAOh6QACkqvAApKmAAAe9gAAgBSTWFjaW50b3NoIEhEOlVzZXJzOmdoZW1pbmd3YXk6RG9jdW1lbnRzOlJlc2VhcmNoOkRpc3NlcnRhdGlvbjpCYWNrZ3JvdW5kOmNoXzcxLnBkZgAOABQACQBjAGgAXwA3ADEALgBwAGQAZgAPABoADABNAGEAYwBpAG4AdABvAHMAaAAgAEgARAASAEVVc2Vycy9naGVtaW5nd2F5L0RvY3VtZW50cy9SZXNlYXJjaC9EaXNzZXJ0YXRpb24vQmFja2dyb3VuZC9jaF83MS5wZGYAABMAAS8AABUAAgAR//8AAIAF0hwdHh9YJGNsYXNzZXNaJGNsYXNzbmFtZaMfICFdTlNNdXRhYmxlRGF0YVZOU0RhdGFYTlNPYmplY3RfEDkuLi8uLi8uLi8uLi8uLi9SZXNlYXJjaC9EaXNzZXJ0YXRpb24vQmFja2dyb3VuZC9jaF83MS5wZGbSHB0kJaIlIVxOU0RpY3Rpb25hcnkSAAGGoF8QD05TS2V5ZWRBcmNoaXZlcgAIABEAFgAfACgAMgA1ADoAPABFAEsAUgBdAGUAbABvAHEAcwB2AHgAegB8AIYAkwCYAKACYgJkAmkCcgJ9AoECjwKWAp8C2wLgAuMC8AL1AAAAAAAAAgEAAAAAAAAAKAAAAAAAAAAAAAAAAAAAAwc=}}

@article{cdgmmo_93,
	Author = {J. Calvin and A. Dickens and B. Gaines and P. Metzger and D. Miller and D. Owen},
	Date-Added = {2010-02-01 11:22:18 -0600},
	Date-Modified = {2010-02-01 11:23:05 -0600},
	Keywords = {Simulation},
	Title = {The SIMNET Virtual World Architecture},
	Year = {1993},
	Bdsk-File-1 = {YnBsaXN0MDDUAQIDBAUIJidUJHRvcFgkb2JqZWN0c1gkdmVyc2lvblkkYXJjaGl2ZXLRBgdUcm9vdIABqAkKFRYXGyIjVSRudWxs0wsMDQ4RFFpOUy5vYmplY3RzV05TLmtleXNWJGNsYXNzog8QgASABqISE4ACgAOAB1lhbGlhc0RhdGFccmVsYXRpdmVQYXRo0hgNGRpXTlMuZGF0YU8RAc4AAAAAAc4AAgAADE1hY2ludG9zaCBIRAAAAAAAAAAAAAAAAAAAAMT59JlIKwAAAINcxA1jZGdtbW9fOTMucGRmAAAAAAAAAAAAAAAAAAAAAAAAAAAAAAAAAAAAAAAAAAAAAAAAAAAAAAAAAAAAAAAAAAAAg1zaxico8wAAAAAAAAAAAAUABAAACSAAAAAAAAAAAAAAAAAAAAAKQmFja2dyb3VuZAAQAAgAAMT6OukAAAARAAgAAMYnb0MAAAABABgAg1zEAINcvwAOh6QACkqvAApKmAAAe9gAAgBWTWFjaW50b3NoIEhEOlVzZXJzOmdoZW1pbmd3YXk6RG9jdW1lbnRzOlJlc2VhcmNoOkRpc3NlcnRhdGlvbjpCYWNrZ3JvdW5kOmNkZ21tb185My5wZGYADgAcAA0AYwBkAGcAbQBtAG8AXwA5ADMALgBwAGQAZgAPABoADABNAGEAYwBpAG4AdABvAHMAaAAgAEgARAASAElVc2Vycy9naGVtaW5nd2F5L0RvY3VtZW50cy9SZXNlYXJjaC9EaXNzZXJ0YXRpb24vQmFja2dyb3VuZC9jZGdtbW9fOTMucGRmAAATAAEvAAAVAAIAEf//AACABdIcHR4fWCRjbGFzc2VzWiRjbGFzc25hbWWjHyAhXU5TTXV0YWJsZURhdGFWTlNEYXRhWE5TT2JqZWN0XxA9Li4vLi4vLi4vLi4vLi4vUmVzZWFyY2gvRGlzc2VydGF0aW9uL0JhY2tncm91bmQvY2RnbW1vXzkzLnBkZtIcHSQloiUhXE5TRGljdGlvbmFyeRIAAYagXxAPTlNLZXllZEFyY2hpdmVyAAgAEQAWAB8AKAAyADUAOgA8AEUASwBSAF0AZQBsAG8AcQBzAHYAeAB6AHwAhgCTAJgAoAJyAnQCeQKCAo0CkQKfAqYCrwLvAvQC9wMEAwkAAAAAAAACAQAAAAAAAAAoAAAAAAAAAAAAAAAAAAADGw==}}

@article{bs_08,
	Author = {S. Bliudze and J. Sifakis},
	Date-Added = {2010-02-01 11:21:36 -0600},
	Date-Modified = {2010-02-01 11:22:11 -0600},
	Keywords = {BIP},
	Title = {A Notion of Glue Expressiveness for Component-Based Systems},
	Year = {2008},
	Bdsk-File-1 = {YnBsaXN0MDDUAQIDBAUIJidUJHRvcFgkb2JqZWN0c1gkdmVyc2lvblkkYXJjaGl2ZXLRBgdUcm9vdIABqAkKFRYXGyIjVSRudWxs0wsMDQ4RFFpOUy5vYmplY3RzV05TLmtleXNWJGNsYXNzog8QgASABqISE4ACgAOAB1lhbGlhc0RhdGFccmVsYXRpdmVQYXRo0hgNGRpXTlMuZGF0YU8RAb4AAAAAAb4AAgAADE1hY2ludG9zaCBIRAAAAAAAAAAAAAAAAAAAAMT59JlIKwAAAINcxAlic18wOC5wZGYAAAAAAAAAAAAAAAAAAAAAAAAAAAAAAAAAAAAAAAAAAAAAAAAAAAAAAAAAAAAAAAAAAAAAAAAAg1zRxpM7kgAAAAAAAAAAAAUABAAACSAAAAAAAAAAAAAAAAAAAAAKQmFja2dyb3VuZAAQAAgAAMT6OukAAAARAAgAAMaTgeIAAAABABgAg1zEAINcvwAOh6QACkqvAApKmAAAe9gAAgBSTWFjaW50b3NoIEhEOlVzZXJzOmdoZW1pbmd3YXk6RG9jdW1lbnRzOlJlc2VhcmNoOkRpc3NlcnRhdGlvbjpCYWNrZ3JvdW5kOmJzXzA4LnBkZgAOABQACQBiAHMAXwAwADgALgBwAGQAZgAPABoADABNAGEAYwBpAG4AdABvAHMAaAAgAEgARAASAEVVc2Vycy9naGVtaW5nd2F5L0RvY3VtZW50cy9SZXNlYXJjaC9EaXNzZXJ0YXRpb24vQmFja2dyb3VuZC9ic18wOC5wZGYAABMAAS8AABUAAgAR//8AAIAF0hwdHh9YJGNsYXNzZXNaJGNsYXNzbmFtZaMfICFdTlNNdXRhYmxlRGF0YVZOU0RhdGFYTlNPYmplY3RfEDkuLi8uLi8uLi8uLi8uLi9SZXNlYXJjaC9EaXNzZXJ0YXRpb24vQmFja2dyb3VuZC9ic18wOC5wZGbSHB0kJaIlIVxOU0RpY3Rpb25hcnkSAAGGoF8QD05TS2V5ZWRBcmNoaXZlcgAIABEAFgAfACgAMgA1ADoAPABFAEsAUgBdAGUAbABvAHEAcwB2AHgAegB8AIYAkwCYAKACYgJkAmkCcgJ9AoECjwKWAp8C2wLgAuMC8AL1AAAAAAAAAgEAAAAAAAAAKAAAAAAAAAAAAAAAAAAAAwc=}}

@article{bpl_01,
	Author = {A. Bakshi and V. Prasanna and A. Ledeczi},
	Date-Added = {2010-02-01 11:20:31 -0600},
	Date-Modified = {2010-02-01 11:21:27 -0600},
	Keywords = {Simulation},
	Title = {MILAN: A Model Based Integrated Simulation Framework for Design of Embedded Systems},
	Year = {2001},
	Bdsk-File-1 = {YnBsaXN0MDDUAQIDBAUIJidUJHRvcFgkb2JqZWN0c1gkdmVyc2lvblkkYXJjaGl2ZXLRBgdUcm9vdIABqAkKFRYXGyIjVSRudWxs0wsMDQ4RFFpOUy5vYmplY3RzV05TLmtleXNWJGNsYXNzog8QgASABqISE4ACgAOAB1lhbGlhc0RhdGFccmVsYXRpdmVQYXRo0hgNGRpXTlMuZGF0YU8RAcIAAAAAAcIAAgAADE1hY2ludG9zaCBIRAAAAAAAAAAAAAAAAAAAAMT59JlIKwAAAINcxApicGxfMDEucGRmAAAAAAAAAAAAAAAAAAAAAAAAAAAAAAAAAAAAAAAAAAAAAAAAAAAAAAAAAAAAAAAAAAAAAAAAg15jx4xLEAAAAAAAAAAAAAUABAAACSAAAAAAAAAAAAAAAAAAAAAKQmFja2dyb3VuZAAQAAgAAMT6OukAAAARAAgAAMeMn3AAAAABABgAg1zEAINcvwAOh6QACkqvAApKmAAAe9gAAgBTTWFjaW50b3NoIEhEOlVzZXJzOmdoZW1pbmd3YXk6RG9jdW1lbnRzOlJlc2VhcmNoOkRpc3NlcnRhdGlvbjpCYWNrZ3JvdW5kOmJwbF8wMS5wZGYAAA4AFgAKAGIAcABsAF8AMAAxAC4AcABkAGYADwAaAAwATQBhAGMAaQBuAHQAbwBzAGgAIABIAEQAEgBGVXNlcnMvZ2hlbWluZ3dheS9Eb2N1bWVudHMvUmVzZWFyY2gvRGlzc2VydGF0aW9uL0JhY2tncm91bmQvYnBsXzAxLnBkZgATAAEvAAAVAAIAEf//AACABdIcHR4fWCRjbGFzc2VzWiRjbGFzc25hbWWjHyAhXU5TTXV0YWJsZURhdGFWTlNEYXRhWE5TT2JqZWN0XxA6Li4vLi4vLi4vLi4vLi4vUmVzZWFyY2gvRGlzc2VydGF0aW9uL0JhY2tncm91bmQvYnBsXzAxLnBkZtIcHSQloiUhXE5TRGljdGlvbmFyeRIAAYagXxAPTlNLZXllZEFyY2hpdmVyAAgAEQAWAB8AKAAyADUAOgA8AEUASwBSAF0AZQBsAG8AcQBzAHYAeAB6AHwAhgCTAJgAoAJmAmgCbQJ2AoEChQKTApoCowLgAuUC6AL1AvoAAAAAAAACAQAAAAAAAAAoAAAAAAAAAAAAAAAAAAADDA==}}

@article{bp_07,
	Author = {D. Bauer and E. Page},
	Date-Added = {2010-02-01 11:19:31 -0600},
	Date-Modified = {2010-02-01 11:20:24 -0600},
	Keywords = {Simulation},
	Title = {An Approach for Incorporating Rollback Through Perfectly Reversible Computation in a Stream Simulator},
	Year = {2007},
	Bdsk-File-1 = {YnBsaXN0MDDUAQIDBAUIJidUJHRvcFgkb2JqZWN0c1gkdmVyc2lvblkkYXJjaGl2ZXLRBgdUcm9vdIABqAkKFRYXGyIjVSRudWxs0wsMDQ4RFFpOUy5vYmplY3RzV05TLmtleXNWJGNsYXNzog8QgASABqISE4ACgAOAB1lhbGlhc0RhdGFccmVsYXRpdmVQYXRo0hgNGRpXTlMuZGF0YU8RAb4AAAAAAb4AAgAADE1hY2ludG9zaCBIRAAAAAAAAAAAAAAAAAAAAMT59JlIKwAAAINcxAlicF8wNy5wZGYAAAAAAAAAAAAAAAAAAAAAAAAAAAAAAAAAAAAAAAAAAAAAAAAAAAAAAAAAAAAAAAAAAAAAAAAAg1zqwoSC9gAAAAAAAAAAAAUABAAACSAAAAAAAAAAAAAAAAAAAAAKQmFja2dyb3VuZAAQAAgAAMT6OukAAAARAAgAAMKEyUYAAAABABgAg1zEAINcvwAOh6QACkqvAApKmAAAe9gAAgBSTWFjaW50b3NoIEhEOlVzZXJzOmdoZW1pbmd3YXk6RG9jdW1lbnRzOlJlc2VhcmNoOkRpc3NlcnRhdGlvbjpCYWNrZ3JvdW5kOmJwXzA3LnBkZgAOABQACQBiAHAAXwAwADcALgBwAGQAZgAPABoADABNAGEAYwBpAG4AdABvAHMAaAAgAEgARAASAEVVc2Vycy9naGVtaW5nd2F5L0RvY3VtZW50cy9SZXNlYXJjaC9EaXNzZXJ0YXRpb24vQmFja2dyb3VuZC9icF8wNy5wZGYAABMAAS8AABUAAgAR//8AAIAF0hwdHh9YJGNsYXNzZXNaJGNsYXNzbmFtZaMfICFdTlNNdXRhYmxlRGF0YVZOU0RhdGFYTlNPYmplY3RfEDkuLi8uLi8uLi8uLi8uLi9SZXNlYXJjaC9EaXNzZXJ0YXRpb24vQmFja2dyb3VuZC9icF8wNy5wZGbSHB0kJaIlIVxOU0RpY3Rpb25hcnkSAAGGoF8QD05TS2V5ZWRBcmNoaXZlcgAIABEAFgAfACgAMgA1ADoAPABFAEsAUgBdAGUAbABvAHEAcwB2AHgAegB8AIYAkwCYAKACYgJkAmkCcgJ9AoECjwKWAp8C2wLgAuMC8AL1AAAAAAAAAgEAAAAAAAAAKAAAAAAAAAAAAAAAAAAAAwc=}}

@article{bmpps_07,
	Author = {A. Basu and L. Mounier and M. Poulhies and J. Pulou and J. Sifakis},
	Date-Added = {2010-02-01 11:18:26 -0600},
	Date-Modified = {2010-02-01 11:19:28 -0600},
	Keywords = {BIP},
	Title = {Using BIP for Modeling and Verification of Networked Systems - A Case Study on TinyOS-based Networks},
	Year = {2007},
	Bdsk-File-1 = {YnBsaXN0MDDUAQIDBAUIJidUJHRvcFgkb2JqZWN0c1gkdmVyc2lvblkkYXJjaGl2ZXLRBgdUcm9vdIABqAkKFRYXGyIjVSRudWxs0wsMDQ4RFFpOUy5vYmplY3RzV05TLmtleXNWJGNsYXNzog8QgASABqISE4ACgAOAB1lhbGlhc0RhdGFccmVsYXRpdmVQYXRo0hgNGRpXTlMuZGF0YU8RAcoAAAAAAcoAAgAADE1hY2ludG9zaCBIRAAAAAAAAAAAAAAAAAAAAMT59JlIKwAAAINcxAxibXBwc18wNy5wZGYAAAAAAAAAAAAAAAAAAAAAAAAAAAAAAAAAAAAAAAAAAAAAAAAAAAAAAAAAAAAAAAAAAAAAg1zZxGQeNgAAAAAAAAAAAAUABAAACSAAAAAAAAAAAAAAAAAAAAAKQmFja2dyb3VuZAAQAAgAAMT6OukAAAARAAgAAMRkZIYAAAABABgAg1zEAINcvwAOh6QACkqvAApKmAAAe9gAAgBVTWFjaW50b3NoIEhEOlVzZXJzOmdoZW1pbmd3YXk6RG9jdW1lbnRzOlJlc2VhcmNoOkRpc3NlcnRhdGlvbjpCYWNrZ3JvdW5kOmJtcHBzXzA3LnBkZgAADgAaAAwAYgBtAHAAcABzAF8AMAA3AC4AcABkAGYADwAaAAwATQBhAGMAaQBuAHQAbwBzAGgAIABIAEQAEgBIVXNlcnMvZ2hlbWluZ3dheS9Eb2N1bWVudHMvUmVzZWFyY2gvRGlzc2VydGF0aW9uL0JhY2tncm91bmQvYm1wcHNfMDcucGRmABMAAS8AABUAAgAR//8AAIAF0hwdHh9YJGNsYXNzZXNaJGNsYXNzbmFtZaMfICFdTlNNdXRhYmxlRGF0YVZOU0RhdGFYTlNPYmplY3RfEDwuLi8uLi8uLi8uLi8uLi9SZXNlYXJjaC9EaXNzZXJ0YXRpb24vQmFja2dyb3VuZC9ibXBwc18wNy5wZGbSHB0kJaIlIVxOU0RpY3Rpb25hcnkSAAGGoF8QD05TS2V5ZWRBcmNoaXZlcgAIABEAFgAfACgAMgA1ADoAPABFAEsAUgBdAGUAbABvAHEAcwB2AHgAegB8AIYAkwCYAKACbgJwAnUCfgKJAo0CmwKiAqsC6gLvAvIC/wMEAAAAAAAAAgEAAAAAAAAAKAAAAAAAAAAAAAAAAAAAAxY=}}

@manual{bipUserManual,
	Author = {A. Basu},
	Date-Added = {2010-02-01 11:17:34 -0600},
	Date-Modified = {2010-02-01 11:18:21 -0600},
	Keywords = {BIP},
	Organization = {VERIMAG},
	Title = {BIP2 User Manual},
	Year = {2009},
	Bdsk-File-1 = {YnBsaXN0MDDUAQIDBAUIJidUJHRvcFgkb2JqZWN0c1gkdmVyc2lvblkkYXJjaGl2ZXLRBgdUcm9vdIABqAkKFRYXGyIjVSRudWxs0wsMDQ4RFFpOUy5vYmplY3RzV05TLmtleXNWJGNsYXNzog8QgASABqISE4ACgAOAB1lhbGlhc0RhdGFccmVsYXRpdmVQYXRo0hgNGRpXTlMuZGF0YU8RAeIAAAAAAeIAAgAADE1hY2ludG9zaCBIRAAAAAAAAAAAAAAAAAAAAMT59JlIKwAAAINcxBJiaXAyVXNlck1hbnVhbC5wZGYAAAAAAAAAAAAAAAAAAAAAAAAAAAAAAAAAAAAAAAAAAAAAAAAAAAAAAAAAAAAAg1zQxrGypwAAAAAAAAAAAAUABAAACSAAAAAAAAAAAAAAAAAAAAAKQmFja2dyb3VuZAAQAAgAAMT6OukAAAARAAgAAMax+PcAAAABABgAg1zEAINcvwAOh6QACkqvAApKmAAAe9gAAgBbTWFjaW50b3NoIEhEOlVzZXJzOmdoZW1pbmd3YXk6RG9jdW1lbnRzOlJlc2VhcmNoOkRpc3NlcnRhdGlvbjpCYWNrZ3JvdW5kOmJpcDJVc2VyTWFudWFsLnBkZgAADgAmABIAYgBpAHAAMgBVAHMAZQByAE0AYQBuAHUAYQBsAC4AcABkAGYADwAaAAwATQBhAGMAaQBuAHQAbwBzAGgAIABIAEQAEgBOVXNlcnMvZ2hlbWluZ3dheS9Eb2N1bWVudHMvUmVzZWFyY2gvRGlzc2VydGF0aW9uL0JhY2tncm91bmQvYmlwMlVzZXJNYW51YWwucGRmABMAAS8AABUAAgAR//8AAIAF0hwdHh9YJGNsYXNzZXNaJGNsYXNzbmFtZaMfICFdTlNNdXRhYmxlRGF0YVZOU0RhdGFYTlNPYmplY3RfEEIuLi8uLi8uLi8uLi8uLi9SZXNlYXJjaC9EaXNzZXJ0YXRpb24vQmFja2dyb3VuZC9iaXAyVXNlck1hbnVhbC5wZGbSHB0kJaIlIVxOU0RpY3Rpb25hcnkSAAGGoF8QD05TS2V5ZWRBcmNoaXZlcgAIABEAFgAfACgAMgA1ADoAPABFAEsAUgBdAGUAbABvAHEAcwB2AHgAegB8AIYAkwCYAKAChgKIAo0ClgKhAqUCswK6AsMDCAMNAxADHQMiAAAAAAAAAgEAAAAAAAAAKAAAAAAAAAAAAAAAAAAAAzQ=}}

@article{bgoos_04,
	Author = {M. Bozga and S. Graf and Ileana Ober and Iulian Ober and J. Sifakis},
	Date-Added = {2010-02-01 11:16:34 -0600},
	Date-Modified = {2010-02-01 11:17:27 -0600},
	Keywords = {BIP},
	Title = {The IF Toolset},
	Year = {2004},
	Bdsk-File-1 = {YnBsaXN0MDDUAQIDBAUIJidUJHRvcFgkb2JqZWN0c1gkdmVyc2lvblkkYXJjaGl2ZXLRBgdUcm9vdIABqAkKFRYXGyIjVSRudWxs0wsMDQ4RFFpOUy5vYmplY3RzV05TLmtleXNWJGNsYXNzog8QgASABqISE4ACgAOAB1lhbGlhc0RhdGFccmVsYXRpdmVQYXRo0hgNGRpXTlMuZGF0YU8RAcoAAAAAAcoAAgAADE1hY2ludG9zaCBIRAAAAAAAAAAAAAAAAAAAAMT59JlIKwAAAINcxAxiZ29vc18wNC5wZGYAAAAAAAAAAAAAAAAAAAAAAAAAAAAAAAAAAAAAAAAAAAAAAAAAAAAAAAAAAAAAAAAAAAAAg1zPvdtbfQAAAAAAAAAAAAUABAAACSAAAAAAAAAAAAAAAAAAAAAKQmFja2dyb3VuZAAQAAgAAMT6OukAAAARAAgAAL3br90AAAABABgAg1zEAINcvwAOh6QACkqvAApKmAAAe9gAAgBVTWFjaW50b3NoIEhEOlVzZXJzOmdoZW1pbmd3YXk6RG9jdW1lbnRzOlJlc2VhcmNoOkRpc3NlcnRhdGlvbjpCYWNrZ3JvdW5kOmJnb29zXzA0LnBkZgAADgAaAAwAYgBnAG8AbwBzAF8AMAA0AC4AcABkAGYADwAaAAwATQBhAGMAaQBuAHQAbwBzAGgAIABIAEQAEgBIVXNlcnMvZ2hlbWluZ3dheS9Eb2N1bWVudHMvUmVzZWFyY2gvRGlzc2VydGF0aW9uL0JhY2tncm91bmQvYmdvb3NfMDQucGRmABMAAS8AABUAAgAR//8AAIAF0hwdHh9YJGNsYXNzZXNaJGNsYXNzbmFtZaMfICFdTlNNdXRhYmxlRGF0YVZOU0RhdGFYTlNPYmplY3RfEDwuLi8uLi8uLi8uLi8uLi9SZXNlYXJjaC9EaXNzZXJ0YXRpb24vQmFja2dyb3VuZC9iZ29vc18wNC5wZGbSHB0kJaIlIVxOU0RpY3Rpb25hcnkSAAGGoF8QD05TS2V5ZWRBcmNoaXZlcgAIABEAFgAfACgAMgA1ADoAPABFAEsAUgBdAGUAbABvAHEAcwB2AHgAegB8AIYAkwCYAKACbgJwAnUCfgKJAo0CmwKiAqsC6gLvAvIC/wMEAAAAAAAAAgEAAAAAAAAAKAAAAAAAAAAAAAAAAAAAAxY=}}

@article{benveniste_10,
	Author = {A. Benveniste},
	Date-Added = {2010-02-01 11:15:25 -0600},
	Date-Modified = {2010-02-01 11:16:28 -0600},
	Keywords = {TTA},
	Title = {Loosely Time-Triggered Architectures for Cyber-Physical Systems},
	Year = {2010},
	Bdsk-File-1 = {YnBsaXN0MDDUAQIDBAUIJidUJHRvcFgkb2JqZWN0c1gkdmVyc2lvblkkYXJjaGl2ZXLRBgdUcm9vdIABqAkKFRYXGyIjVSRudWxs0wsMDQ4RFFpOUy5vYmplY3RzV05TLmtleXNWJGNsYXNzog8QgASABqISE4ACgAOAB1lhbGlhc0RhdGFccmVsYXRpdmVQYXRo0hgNGRpXTlMuZGF0YU8RAd4AAAAAAd4AAgAADE1hY2ludG9zaCBIRAAAAAAAAAAAAAAAAAAAAMT59JlIKwAAAINcxBFiZW52ZW5pc3RlXzEwLnBkZgAAAAAAAAAAAAAAAAAAAAAAAAAAAAAAAAAAAAAAAAAAAAAAAAAAAAAAAAAAAAAAgPLix2zI4gAAAAAAAAAAAAUABAAACSAAAAAAAAAAAAAAAAAAAAAKQmFja2dyb3VuZAAQAAgAAMT6OukAAAARAAgAAMdtHUIAAAABABgAg1zEAINcvwAOh6QACkqvAApKmAAAe9gAAgBaTWFjaW50b3NoIEhEOlVzZXJzOmdoZW1pbmd3YXk6RG9jdW1lbnRzOlJlc2VhcmNoOkRpc3NlcnRhdGlvbjpCYWNrZ3JvdW5kOmJlbnZlbmlzdGVfMTAucGRmAA4AJAARAGIAZQBuAHYAZQBuAGkAcwB0AGUAXwAxADAALgBwAGQAZgAPABoADABNAGEAYwBpAG4AdABvAHMAaAAgAEgARAASAE1Vc2Vycy9naGVtaW5nd2F5L0RvY3VtZW50cy9SZXNlYXJjaC9EaXNzZXJ0YXRpb24vQmFja2dyb3VuZC9iZW52ZW5pc3RlXzEwLnBkZgAAEwABLwAAFQACABH//wAAgAXSHB0eH1gkY2xhc3Nlc1okY2xhc3NuYW1lox8gIV1OU011dGFibGVEYXRhVk5TRGF0YVhOU09iamVjdF8QQS4uLy4uLy4uLy4uLy4uL1Jlc2VhcmNoL0Rpc3NlcnRhdGlvbi9CYWNrZ3JvdW5kL2JlbnZlbmlzdGVfMTAucGRm0hwdJCWiJSFcTlNEaWN0aW9uYXJ5EgABhqBfEA9OU0tleWVkQXJjaGl2ZXIACAARABYAHwAoADIANQA6ADwARQBLAFIAXQBlAGwAbwBxAHMAdgB4AHoAfACGAJMAmACgAoIChAKJApICnQKhAq8CtgK/AwMDCAMLAxgDHQAAAAAAAAIBAAAAAAAAACgAAAAAAAAAAAAAAAAAAAMv}}

@article{bcgmtt_02,
	Author = {A. Benveniste and P. Caspi and P. Le Geurnic and H. Marchand and J. Talpin and S. Tripakis},
	Date-Added = {2010-02-01 11:14:03 -0600},
	Date-Modified = {2010-02-01 11:15:07 -0600},
	Keywords = {TTA},
	Title = {A Protocal for Loosely Time-Triggered Architectures},
	Year = {2002},
	Bdsk-File-1 = {YnBsaXN0MDDUAQIDBAUIJidUJHRvcFgkb2JqZWN0c1gkdmVyc2lvblkkYXJjaGl2ZXLRBgdUcm9vdIABqAkKFRYXGyIjVSRudWxs0wsMDQ4RFFpOUy5vYmplY3RzV05TLmtleXNWJGNsYXNzog8QgASABqISE4ACgAOAB1lhbGlhc0RhdGFccmVsYXRpdmVQYXRo0hgNGRpXTlMuZGF0YU8RAc4AAAAAAc4AAgAADE1hY2ludG9zaCBIRAAAAAAAAAAAAAAAAAAAAMT59JlIKwAAAINcxA1iY2dtdHRfMDIucGRmAAAAAAAAAAAAAAAAAAAAAAAAAAAAAAAAAAAAAAAAAAAAAAAAAAAAAAAAAAAAAAAAAAAAgQcPx3CpiwAAAAAAAAAAAAUABAAACSAAAAAAAAAAAAAAAAAAAAAKQmFja2dyb3VuZAAQAAgAAMT6OukAAAARAAgAAMdw/esAAAABABgAg1zEAINcvwAOh6QACkqvAApKmAAAe9gAAgBWTWFjaW50b3NoIEhEOlVzZXJzOmdoZW1pbmd3YXk6RG9jdW1lbnRzOlJlc2VhcmNoOkRpc3NlcnRhdGlvbjpCYWNrZ3JvdW5kOmJjZ210dF8wMi5wZGYADgAcAA0AYgBjAGcAbQB0AHQAXwAwADIALgBwAGQAZgAPABoADABNAGEAYwBpAG4AdABvAHMAaAAgAEgARAASAElVc2Vycy9naGVtaW5nd2F5L0RvY3VtZW50cy9SZXNlYXJjaC9EaXNzZXJ0YXRpb24vQmFja2dyb3VuZC9iY2dtdHRfMDIucGRmAAATAAEvAAAVAAIAEf//AACABdIcHR4fWCRjbGFzc2VzWiRjbGFzc25hbWWjHyAhXU5TTXV0YWJsZURhdGFWTlNEYXRhWE5TT2JqZWN0XxA9Li4vLi4vLi4vLi4vLi4vUmVzZWFyY2gvRGlzc2VydGF0aW9uL0JhY2tncm91bmQvYmNnbXR0XzAyLnBkZtIcHSQloiUhXE5TRGljdGlvbmFyeRIAAYagXxAPTlNLZXllZEFyY2hpdmVyAAgAEQAWAB8AKAAyADUAOgA8AEUASwBSAF0AZQBsAG8AcQBzAHYAeAB6AHwAhgCTAJgAoAJyAnQCeQKCAo0CkQKfAqYCrwLvAvQC9wMEAwkAAAAAAAACAQAAAAAAAAAoAAAAAAAAAAAAAAAAAAADGw==}}

@article{bc_05,
	Author = {L. Bernard and M. Craglia},
	Date-Added = {2010-02-01 11:13:14 -0600},
	Date-Modified = {2010-02-01 11:13:59 -0600},
	Keywords = {Simulation},
	Title = {SDI - From Spatial Data Infrastructure to Service Driven Infrastructure},
	Year = {2005},
	Bdsk-File-1 = {YnBsaXN0MDDUAQIDBAUIJidUJHRvcFgkb2JqZWN0c1gkdmVyc2lvblkkYXJjaGl2ZXLRBgdUcm9vdIABqAkKFRYXGyIjVSRudWxs0wsMDQ4RFFpOUy5vYmplY3RzV05TLmtleXNWJGNsYXNzog8QgASABqISE4ACgAOAB1lhbGlhc0RhdGFccmVsYXRpdmVQYXRo0hgNGRpXTlMuZGF0YU8RAb4AAAAAAb4AAgAADE1hY2ludG9zaCBIRAAAAAAAAAAAAAAAAAAAAMT59JlIKwAAAINcxAliY18wNS5wZGYAAAAAAAAAAAAAAAAAAAAAAAAAAAAAAAAAAAAAAAAAAAAAAAAAAAAAAAAAAAAAAAAAAAAAAAAAg1zYxiRpJQAAAAAAAAAAAAUABAAACSAAAAAAAAAAAAAAAAAAAAAKQmFja2dyb3VuZAAQAAgAAMT6OukAAAARAAgAAMYkr3UAAAABABgAg1zEAINcvwAOh6QACkqvAApKmAAAe9gAAgBSTWFjaW50b3NoIEhEOlVzZXJzOmdoZW1pbmd3YXk6RG9jdW1lbnRzOlJlc2VhcmNoOkRpc3NlcnRhdGlvbjpCYWNrZ3JvdW5kOmJjXzA1LnBkZgAOABQACQBiAGMAXwAwADUALgBwAGQAZgAPABoADABNAGEAYwBpAG4AdABvAHMAaAAgAEgARAASAEVVc2Vycy9naGVtaW5nd2F5L0RvY3VtZW50cy9SZXNlYXJjaC9EaXNzZXJ0YXRpb24vQmFja2dyb3VuZC9iY18wNS5wZGYAABMAAS8AABUAAgAR//8AAIAF0hwdHh9YJGNsYXNzZXNaJGNsYXNzbmFtZaMfICFdTlNNdXRhYmxlRGF0YVZOU0RhdGFYTlNPYmplY3RfEDkuLi8uLi8uLi8uLi8uLi9SZXNlYXJjaC9EaXNzZXJ0YXRpb24vQmFja2dyb3VuZC9iY18wNS5wZGbSHB0kJaIlIVxOU0RpY3Rpb25hcnkSAAGGoF8QD05TS2V5ZWRBcmNoaXZlcgAIABEAFgAfACgAMgA1ADoAPABFAEsAUgBdAGUAbABvAHEAcwB2AHgAegB8AIYAkwCYAKACYgJkAmkCcgJ9AoECjwKWAp8C2wLgAuMC8AL1AAAAAAAAAgEAAAAAAAAAKAAAAAAAAAAAAAAAAAAAAwc=}}

@conference{bbs_06,
	Author = {A. Basu and M. Bozga and J. Sifakis},
	Booktitle = {SEFM},
	Date-Added = {2010-02-01 11:12:23 -0600},
	Date-Modified = {2010-02-12 10:28:33 -0600},
	Keywords = {BIP},
	Pages = {3--12},
	Title = {Modeling Heterogeneous Real-Time Components in BIP},
	Volume = {6},
	Year = {2006},
	Bdsk-File-1 = {YnBsaXN0MDDUAQIDBAUIJidUJHRvcFgkb2JqZWN0c1gkdmVyc2lvblkkYXJjaGl2ZXLRBgdUcm9vdIABqAkKFRYXGyIjVSRudWxs0wsMDQ4RFFpOUy5vYmplY3RzV05TLmtleXNWJGNsYXNzog8QgASABqISE4ACgAOAB1lhbGlhc0RhdGFccmVsYXRpdmVQYXRo0hgNGRpXTlMuZGF0YU8RAcIAAAAAAcIAAgAADE1hY2ludG9zaCBIRAAAAAAAAAAAAAAAAAAAAMT59JlIKwAAAINcxApiYnNfMDYucGRmAAAAAAAAAAAAAAAAAAAAAAAAAAAAAAAAAAAAAAAAAAAAAAAAAAAAAAAAAAAAAAAAAAAAAAAAg1zXxGQeNAAAAAAAAAAAAAUABAAACSAAAAAAAAAAAAAAAAAAAAAKQmFja2dyb3VuZAAQAAgAAMT6OukAAAARAAgAAMRkZIQAAAABABgAg1zEAINcvwAOh6QACkqvAApKmAAAe9gAAgBTTWFjaW50b3NoIEhEOlVzZXJzOmdoZW1pbmd3YXk6RG9jdW1lbnRzOlJlc2VhcmNoOkRpc3NlcnRhdGlvbjpCYWNrZ3JvdW5kOmJic18wNi5wZGYAAA4AFgAKAGIAYgBzAF8AMAA2AC4AcABkAGYADwAaAAwATQBhAGMAaQBuAHQAbwBzAGgAIABIAEQAEgBGVXNlcnMvZ2hlbWluZ3dheS9Eb2N1bWVudHMvUmVzZWFyY2gvRGlzc2VydGF0aW9uL0JhY2tncm91bmQvYmJzXzA2LnBkZgATAAEvAAAVAAIAEf//AACABdIcHR4fWCRjbGFzc2VzWiRjbGFzc25hbWWjHyAhXU5TTXV0YWJsZURhdGFWTlNEYXRhWE5TT2JqZWN0XxA6Li4vLi4vLi4vLi4vLi4vUmVzZWFyY2gvRGlzc2VydGF0aW9uL0JhY2tncm91bmQvYmJzXzA2LnBkZtIcHSQloiUhXE5TRGljdGlvbmFyeRIAAYagXxAPTlNLZXllZEFyY2hpdmVyAAgAEQAWAB8AKAAyADUAOgA8AEUASwBSAF0AZQBsAG8AcQBzAHYAeAB6AHwAhgCTAJgAoAJmAmgCbQJ2AoEChQKTApoCowLgAuUC6AL1AvoAAAAAAAACAQAAAAAAAAAoAAAAAAAAAAAAAAAAAAADDA==}}

@phdthesis{basu_08,
	Author = {Ananda Basu},
	Date-Added = {2010-02-01 11:11:29 -0600},
	Date-Modified = {2010-02-01 11:12:13 -0600},
	Keywords = {BIP},
	School = {VERIMAG},
	Title = {Component-based Modeling of Heterogeneous Real Time Systems in BIP},
	Year = {2008},
	Bdsk-File-1 = {YnBsaXN0MDDUAQIDBAUIJidUJHRvcFgkb2JqZWN0c1gkdmVyc2lvblkkYXJjaGl2ZXLRBgdUcm9vdIABqAkKFRYXGyIjVSRudWxs0wsMDQ4RFFpOUy5vYmplY3RzV05TLmtleXNWJGNsYXNzog8QgASABqISE4ACgAOAB1lhbGlhc0RhdGFccmVsYXRpdmVQYXRo0hgNGRpXTlMuZGF0YU8RAcYAAAAAAcYAAgAADE1hY2ludG9zaCBIRAAAAAAAAAAAAAAAAAAAAMT59JlIKwAAAINcxAtiYXN1XzA4LnBkZgAAAAAAAAAAAAAAAAAAAAAAAAAAAAAAAAAAAAAAAAAAAAAAAAAAAAAAAAAAAAAAAAAAAAAAg1zNxkAGOwAAAAAAAAAAAAUABAAACSAAAAAAAAAAAAAAAAAAAAAKQmFja2dyb3VuZAAQAAgAAMT6OukAAAARAAgAAMZATIsAAAABABgAg1zEAINcvwAOh6QACkqvAApKmAAAe9gAAgBUTWFjaW50b3NoIEhEOlVzZXJzOmdoZW1pbmd3YXk6RG9jdW1lbnRzOlJlc2VhcmNoOkRpc3NlcnRhdGlvbjpCYWNrZ3JvdW5kOmJhc3VfMDgucGRmAA4AGAALAGIAYQBzAHUAXwAwADgALgBwAGQAZgAPABoADABNAGEAYwBpAG4AdABvAHMAaAAgAEgARAASAEdVc2Vycy9naGVtaW5nd2F5L0RvY3VtZW50cy9SZXNlYXJjaC9EaXNzZXJ0YXRpb24vQmFja2dyb3VuZC9iYXN1XzA4LnBkZgAAEwABLwAAFQACABH//wAAgAXSHB0eH1gkY2xhc3Nlc1okY2xhc3NuYW1lox8gIV1OU011dGFibGVEYXRhVk5TRGF0YVhOU09iamVjdF8QOy4uLy4uLy4uLy4uLy4uL1Jlc2VhcmNoL0Rpc3NlcnRhdGlvbi9CYWNrZ3JvdW5kL2Jhc3VfMDgucGRm0hwdJCWiJSFcTlNEaWN0aW9uYXJ5EgABhqBfEA9OU0tleWVkQXJjaGl2ZXIACAARABYAHwAoADIANQA6ADwARQBLAFIAXQBlAGwAbwBxAHMAdgB4AHoAfACGAJMAmACgAmoCbAJxAnoChQKJApcCngKnAuUC6gLtAvoC/wAAAAAAAAIBAAAAAAAAACgAAAAAAAAAAAAAAAAAAAMR}}

@article{barros_08,
	Author = {F. Barros},
	Date-Added = {2010-02-01 11:10:52 -0600},
	Date-Modified = {2010-02-01 11:11:25 -0600},
	Keywords = {Simulation},
	Title = {A Formal Definition of Dynamic Structure Hybrid Simulation Models},
	Year = {2008},
	Bdsk-File-1 = {YnBsaXN0MDDUAQIDBAUIJidUJHRvcFgkb2JqZWN0c1gkdmVyc2lvblkkYXJjaGl2ZXLRBgdUcm9vdIABqAkKFRYXGyIjVSRudWxs0wsMDQ4RFFpOUy5vYmplY3RzV05TLmtleXNWJGNsYXNzog8QgASABqISE4ACgAOAB1lhbGlhc0RhdGFccmVsYXRpdmVQYXRo0hgNGRpXTlMuZGF0YU8RAc4AAAAAAc4AAgAADE1hY2ludG9zaCBIRAAAAAAAAAAAAAAAAAAAAMT59JlIKwAAAINcxA1iYXJyb3NfMDgucGRmAAAAAAAAAAAAAAAAAAAAAAAAAAAAAAAAAAAAAAAAAAAAAAAAAAAAAAAAAAAAAAAAAAAAg1zpxPVt1AAAAAAAAAAAAAUABAAACSAAAAAAAAAAAAAAAAAAAAAKQmFja2dyb3VuZAAQAAgAAMT6OukAAAARAAgAAMT1tCQAAAABABgAg1zEAINcvwAOh6QACkqvAApKmAAAe9gAAgBWTWFjaW50b3NoIEhEOlVzZXJzOmdoZW1pbmd3YXk6RG9jdW1lbnRzOlJlc2VhcmNoOkRpc3NlcnRhdGlvbjpCYWNrZ3JvdW5kOmJhcnJvc18wOC5wZGYADgAcAA0AYgBhAHIAcgBvAHMAXwAwADgALgBwAGQAZgAPABoADABNAGEAYwBpAG4AdABvAHMAaAAgAEgARAASAElVc2Vycy9naGVtaW5nd2F5L0RvY3VtZW50cy9SZXNlYXJjaC9EaXNzZXJ0YXRpb24vQmFja2dyb3VuZC9iYXJyb3NfMDgucGRmAAATAAEvAAAVAAIAEf//AACABdIcHR4fWCRjbGFzc2VzWiRjbGFzc25hbWWjHyAhXU5TTXV0YWJsZURhdGFWTlNEYXRhWE5TT2JqZWN0XxA9Li4vLi4vLi4vLi4vLi4vUmVzZWFyY2gvRGlzc2VydGF0aW9uL0JhY2tncm91bmQvYmFycm9zXzA4LnBkZtIcHSQloiUhXE5TRGljdGlvbmFyeRIAAYagXxAPTlNLZXllZEFyY2hpdmVyAAgAEQAWAB8AKAAyADUAOgA8AEUASwBSAF0AZQBsAG8AcQBzAHYAeAB6AHwAhgCTAJgAoAJyAnQCeQKCAo0CkQKfAqYCrwLvAvQC9wMEAwkAAAAAAAACAQAAAAAAAAAoAAAAAAAAAAAAAAAAAAADGw==}}

@article{arbab_03,
	Author = {F. Arbab},
	Date-Added = {2010-02-01 11:09:29 -0600},
	Date-Modified = {2010-02-01 11:10:38 -0600},
	Institution = {CWI},
	Keywords = {Composition},
	Title = {Abstract Behavior Types: A Foundation Model for Components and Their Composition},
	Year = {2003},
	Bdsk-File-1 = {YnBsaXN0MDDUAQIDBAUIJidUJHRvcFgkb2JqZWN0c1gkdmVyc2lvblkkYXJjaGl2ZXLRBgdUcm9vdIABqAkKFRYXGyIjVSRudWxs0wsMDQ4RFFpOUy5vYmplY3RzV05TLmtleXNWJGNsYXNzog8QgASABqISE4ACgAOAB1lhbGlhc0RhdGFccmVsYXRpdmVQYXRo0hgNGRpXTlMuZGF0YU8RAcoAAAAAAcoAAgAADE1hY2ludG9zaCBIRAAAAAAAAAAAAAAAAAAAAMT59JlIKwAAAINcxAxhcmJhYl8wMy5wZGYAAAAAAAAAAAAAAAAAAAAAAAAAAAAAAAAAAAAAAAAAAAAAAAAAAAAAAAAAAAAAAAAAAAAAg1zUxkAJewAAAAAAAAAAAAUABAAACSAAAAAAAAAAAAAAAAAAAAAKQmFja2dyb3VuZAAQAAgAAMT6OukAAAARAAgAAMZAT8sAAAABABgAg1zEAINcvwAOh6QACkqvAApKmAAAe9gAAgBVTWFjaW50b3NoIEhEOlVzZXJzOmdoZW1pbmd3YXk6RG9jdW1lbnRzOlJlc2VhcmNoOkRpc3NlcnRhdGlvbjpCYWNrZ3JvdW5kOmFyYmFiXzAzLnBkZgAADgAaAAwAYQByAGIAYQBiAF8AMAAzAC4AcABkAGYADwAaAAwATQBhAGMAaQBuAHQAbwBzAGgAIABIAEQAEgBIVXNlcnMvZ2hlbWluZ3dheS9Eb2N1bWVudHMvUmVzZWFyY2gvRGlzc2VydGF0aW9uL0JhY2tncm91bmQvYXJiYWJfMDMucGRmABMAAS8AABUAAgAR//8AAIAF0hwdHh9YJGNsYXNzZXNaJGNsYXNzbmFtZaMfICFdTlNNdXRhYmxlRGF0YVZOU0RhdGFYTlNPYmplY3RfEDwuLi8uLi8uLi8uLi8uLi9SZXNlYXJjaC9EaXNzZXJ0YXRpb24vQmFja2dyb3VuZC9hcmJhYl8wMy5wZGbSHB0kJaIlIVxOU0RpY3Rpb25hcnkSAAGGoF8QD05TS2V5ZWRBcmNoaXZlcgAIABEAFgAfACgAMgA1ADoAPABFAEsAUgBdAGUAbABvAHEAcwB2AHgAegB8AIYAkwCYAKACbgJwAnUCfgKJAo0CmwKiAqsC6gLvAvIC/wMEAAAAAAAAAgEAAAAAAAAAKAAAAAAAAAAAAAAAAAAAAxY=}}

@article{agi_98,
	Author = {R. Allen and D. Garlan and J. Ivers},
	Date-Added = {2010-02-01 11:08:13 -0600},
	Date-Modified = {2010-02-01 11:15:20 -0600},
	Keywords = {HLA},
	Title = {Formal Modeling and Analysis of the HLA Component Integration Standard},
	Year = {1998},
	Bdsk-File-1 = {YnBsaXN0MDDUAQIDBAUIJidUJHRvcFgkb2JqZWN0c1gkdmVyc2lvblkkYXJjaGl2ZXLRBgdUcm9vdIABqAkKFRYXGyIjVSRudWxs0wsMDQ4RFFpOUy5vYmplY3RzV05TLmtleXNWJGNsYXNzog8QgASABqISE4ACgAOAB1lhbGlhc0RhdGFccmVsYXRpdmVQYXRo0hgNGRpXTlMuZGF0YU8RAcIAAAAAAcIAAgAADE1hY2ludG9zaCBIRAAAAAAAAAAAAAAAAAAAAMT59JlIKwAAAINcxAphZ2lfOTgucGRmAAAAAAAAAAAAAAAAAAAAAAAAAAAAAAAAAAAAAAAAAAAAAAAAAAAAAAAAAAAAAAAAAAAAAAAAg1zSxr6Z3wAAAAAAAAAAAAUABAAACSAAAAAAAAAAAAAAAAAAAAAKQmFja2dyb3VuZAAQAAgAAMT6OukAAAARAAgAAMa+4C8AAAABABgAg1zEAINcvwAOh6QACkqvAApKmAAAe9gAAgBTTWFjaW50b3NoIEhEOlVzZXJzOmdoZW1pbmd3YXk6RG9jdW1lbnRzOlJlc2VhcmNoOkRpc3NlcnRhdGlvbjpCYWNrZ3JvdW5kOmFnaV85OC5wZGYAAA4AFgAKAGEAZwBpAF8AOQA4AC4AcABkAGYADwAaAAwATQBhAGMAaQBuAHQAbwBzAGgAIABIAEQAEgBGVXNlcnMvZ2hlbWluZ3dheS9Eb2N1bWVudHMvUmVzZWFyY2gvRGlzc2VydGF0aW9uL0JhY2tncm91bmQvYWdpXzk4LnBkZgATAAEvAAAVAAIAEf//AACABdIcHR4fWCRjbGFzc2VzWiRjbGFzc25hbWWjHyAhXU5TTXV0YWJsZURhdGFWTlNEYXRhWE5TT2JqZWN0XxA6Li4vLi4vLi4vLi4vLi4vUmVzZWFyY2gvRGlzc2VydGF0aW9uL0JhY2tncm91bmQvYWdpXzk4LnBkZtIcHSQloiUhXE5TRGljdGlvbmFyeRIAAYagXxAPTlNLZXllZEFyY2hpdmVyAAgAEQAWAB8AKAAyADUAOgA8AEUASwBSAF0AZQBsAG8AcQBzAHYAeAB6AHwAhgCTAJgAoAJmAmgCbQJ2AoEChQKTApoCowLgAuUC6AL1AvoAAAAAAAACAQAAAAAAAAAoAAAAAAAAAAAAAAAAAAADDA==}}

@book{zpk_00,
	Author = {B. Zeigler and H. Praehofer and T. Gon Kim},
	Date-Added = {2010-02-01 09:19:12 -0600},
	Date-Modified = {2010-02-01 11:06:27 -0600},
	Edition = {Second},
	Keywords = {Modeling},
	Publisher = {Academic Press},
	Title = {Theory of Modeling and Simulation},
	Year = {2000}}

@book{kopetz_97,
	Author = {H. Kopetz},
	Date-Added = {2010-02-01 09:17:49 -0600},
	Date-Modified = {2010-02-01 11:06:17 -0600},
	Keywords = {TTA},
	Publisher = {Springer},
	Title = {Real-time systems: design principles for distributed embedded applications},
	Year = {1997}}
