@book{modeling:embedded,
	Author = {D. Gajski and  S. Abdi and A. Gertslauer and G. Schirner}, 
	Title = {{Embedded System Design: Modeling, Synthesis and Verification}},
	Publisher =  {Springer}, 
	Year = {2009}}

@techreport{modeling:esmol,
	Author = {J. Porter and G. Hemingway and H. Nine and C. vanBuskirk and N. Kottenstette and G. Karsai and J. Sztipanovits},
	Institution = {Inst. for Software Integrated Sys., Vanderbilt University},
	Number = {ISIS-10-109},
	Title = {The ESMoL Language and Tools for High-Confidence Distributed Control Systems Design. Part 1: Language, Framework, and Analysis},
	Url = {http://www.isis.vanderbilt.edu/sites/default/files/ESMoL_TR_opt.pdf},
	Year = {2010}}
	
@article{embedded:software,
	Author = {{E.A. Lee}},
	Journal = {{Advances in Computers}},
	Title = {{Embedded Software}},
	Volume = {56},
	Year = {2002}}
	
@article{mic:mic,
	Author = {G. Karsai and J. Sztipanovits and A. Ledeczi and T. Bapty},
	Journal = {Proc. of the IEEE},
	Month = {Jan},
	Number = {1},
	Title = {Model-Integrated Development of Embedded Software},
	Volume = {91},
	Year = {2003}}

@inproceedings{modeling:tlm,
	Author = {L. Cai and D. Gajski}, 
  Title = {{Transaction Level Modeling: An Overview}}, 
	Booktitle = {{Proc. of the Intl. Conf. on HW/SW Codesign and System Synthesis (CODES-ISSS)}}, 
	Month={Oct},
	Year = {2003}, 
	Pages = {19--24}}

@inproceedings{quad:passcontrol,
	Author = {N. Kottenstette and J. Porter},
	Title = {Digital Passive Attitude and Altitude Control Schemes for Quadrotor Aircraft},
	Booktitle = {{ICCA '09: 7th IEEE Intl. Conf. on Control and Automation}},
	address = {ChristChurch, New Zealand},
	year = {2009}}

@incollection{modeling:platform,
	Author = {Luca P. Carloni and Fernando De Bernardinis and Claudio Pinello and Alberto L. Sangiovanni-Vincentelli and Marco Sgroi},
	Booktitle = {The Embedded Systems Handbook},
	Editor = {R. Zurawski},
	Publisher = {CRC Press},
	Title = {Platform-Based Design for Embedded Systems},
	Year = {2005}}

@article{modeling:platform2,
	Author = {A. Sangiovanni-Vincentelli and G. Martin},
	Journal = {IEEE Design and Test of Computers},
	Number = {6},
	Title = {Platform-based design and software design methodology for embedded systems},
	Volume = {18},
	Year = {2001},
	Pages = {23--33}}

@article{modeling:platform3,
	Author = {{B. Horowitz and J. Liebman and C. Ma and T. J. Koo and A. Sangiovanni-Vincentelli and S. Sastry}},
	Journal = {{Proc. of the IEEE}},
	Month = {{Jan}},
	Number = {1},
	Title = {{Platform-based embedded software design and system integration for autonomous vehicles}},
	Volume = {91},
	Year = {2003}}

@article{modeling:giotto3,
	Author = {T. A. Henzinger and B. Horowitz and C. M. Kirsch},
	Journal = {Proc. of the IEEE},
	Month = {Jan},
	Pages = {84--99},
	Title = {Giotto: A time-triggered language for embedded programming},
	Url = {http://www.gigascale.org/pubs/397.html},
	Volume = {91},
	Year = {2003},
	Bdsk-Url-1 = {http://www.gigascale.org/pubs/397.html}}
	
@incollection{asctech:hummingbird,
	Title = {AscTec Hummingbird with AutoPilot User's Manual},
	Url = {http://www.asctec.de/assets/Downloads/Manuals/AscTec-Autopilot-Manual-v10.pdf}}

