%% This BibTeX bibliography file was created using BibDesk.
%% http://bibdesk.sourceforge.net/


%% Created for Graham Hemingway at 2009-09-04 14:51:04 -0500 


%% Saved with string encoding Unicode (UTF-8) 



@inproceedings{verif:BIPFramework,
	Address = {Washington, DC},
	Author = {Sifakis, Joseph},
	Booktitle = {SEFM '05: 3rd IEEE Intl. Conf. on Software Eng. and Formal Methods},
	Date-Added = {2009-09-04 09:27:10 -0500},
	Date-Modified = {2009-09-04 09:28:05 -0500},
	Doi = {http://dx.doi.org/10.1109/SEFM.2005.3},
	Isbn = {0-7695-2435-4},
	Pages = {293-300},
	Publisher = {IEEE Comp. Society},
	Title = {A Framework for Component-based Construction Extended Abstract},
	Year = {2005},
	Bdsk-Url-1 = {http://dx.doi.org/10.1109/SEFM.2005.3}}

@inproceedings{verif:bs09,
	Author = {Simon Bliudze and Joseph Sifakis},
	Booktitle = {CONCUR 2008 - Concurrency Theory},
	Date-Added = {2009-09-04 09:21:51 -0500},
	Date-Modified = {2009-09-04 09:24:36 -0500},
	Pages = {508-522},
	Series = {LNCS},
	Title = {A Notion of Glue Expressiveness for Component-Based Systems},
	Volume = {5201},
	Year = {2008}}

@inproceedings{verif:IFToolset,
	Author = {Marius Bozga and Susanne Graf and Ileana Ober and Iulian Ober and Joseph Sifakis},
	Booktitle = {Formal Methods for the Design of Real-Time Systems},
	Date-Added = {2009-09-04 09:15:31 -0500},
	Date-Modified = {2009-09-04 09:31:29 -0500},
	Pages = {237-267},
	School = {VERIMAG},
	Series = {LNCS},
	Title = "{The IF Toolset}",
	Volume = {3185},
	Year = {2004}}

@phdthesis{verif:basu,
	Address = {2 avenue de Vignate 38610, Gieres, France},
	Author = {Ananda Basu},
	Date-Added = {2009-09-04 09:08:56 -0500},
	Date-Modified = {2009-09-04 09:10:46 -0500},
	Keywords = {BIP},
	Month = {November},
	School = {VERIMAG},
	Title = "{Component-based Modeling of Heterogeneous Real Time Systems in BIP}",
	Year = {2008}}
	
@inroceedings{verif:bbs06,
  author = 	 {Ananda Basu and Marius Bozga and Joseph Sifakis},
  title = 	 {Modeling Heterogeneous Real-time Components in {BIP}},
  booktitle =	 {$4^{th}$ {IEEE} Int. Conf. on Software Engineering and Formal Methods ({SEFM06})},
  pages =	 {3--12},
  year =	 2006,
  month =	 sep,
  note =	 {Invited talk}
}

@article{verif:bs08,
author = {Simon Bliudze and Joseph Sifakis},
title = {{The Algebra of Connectors---Structuring Interaction in BIP}},
journal = {{IEEE} Transactions on Computers},
volume = 57,
number = 10,
year = 2008,
issn = {0018-9340},
pages = {1315--1330},
doi = {http://doi.ieeecomputersociety.org/10.1109/TC.2008.26},
publisher = {IEEE Computer Society},
address = {Los Alamitos, CA, USA},
}

@inproceedings{verif:bjs09,
  author    = {Marius Bozga and
               Mohamad Jaber and
               Joseph Sifakis},
  title     = {{Source-to-source architecture transformation for performance optimization in BIP}},
  booktitle = {SIES},
  year      = {2009},
  pages     = {152-160},
  ee        = {http://dx.doi.org/10.1109/SIES.2009.5196211},
  crossref  = {DBLP:conf/sies/2009},
  bibsource = {DBLP, http://dblp.uni-trier.de}
}
@proceedings{DBLP:conf/sies/2009,
  title     = {{SIES} '09: {IEEE} 4th Intl. Symp. on Industrial Embedded Sys.},
  booktitle = {SIES},
  publisher = {IEEE},
  year      = {2009},
  isbn      = {978-1-4244-4110-5},
  bibsource = {DBLP, http://dblp.uni-trier.de}
}


@inproceedings{quad:starmac,
	Address = {Salt Lake City, UT},
	Author = {Hoffmann, Gabriel and Rajnarayan, Dev Gorur and Waslander, Steven L. and Dostal, David and Jang, Jung Soon and Tomlin, Claire J.},
	Booktitle = {the Digital Avionics System Conference 2004},
	Month = {November},
	Title = {The Stanford Testbed of Autonomous ROtorcraft for Multi-Agent Control},
	Url = {pubs/DASC_2004.pdf},
	Year = {2004},
	Bdsk-Url-1 = {pubs/DASC_2004.pdf}}

@inproceedings{quad:starmacdyn,
	Address = {Hilton Head, SC},
	Author = {Gabriel M. Hoffmann and Haomiao Huang and Steven L. Waslander and Claire J. Tomlin},
	Booktitle = {Proc. of the AIAA Guidance, Navigation, and Control Conf.},
	Month = {August},
	Note = {AIAA Paper Number 2007-6461},
	Title = {Quadrotor Helicopter Flight Dynamics and Control: Theory and Experiment},
	Url = {pubs/Quadrotor_Dynamics_GNC07.pdf},
	Year = {2007},
	Bdsk-Url-1 = {pubs/Quadrotor_Dynamics_GNC07.pdf}}

@inproceedings{modeling:aces08,
	Address = {Toulouse, France},
	Author = {Joseph Porter and Gabor Karsai and Peter Volgyesi and Harmon Nine and Peter Humke and Graham Hemingway and Ryan Thibodeaux and Janos Sztipanovits},
	Booktitle = {ACES-MB '09: Workshops and Symp. at MoDELS 2008, LNCS 5421},
	Publisher = {Springer},
	Title = {Towards Model-Based Integration of Tools and Techniques for Embedded Control System Design, Verification, and Implementation},
	Year = {2009}}

@techreport{modeling:TDL,
	Author = {J. Templ},
	Institution = {Dept. of Computer Science, Univ. of Salzburg},
	Note = {http://www.cs.uni-salzburg.at/pubs/reports/T001.pdf},
	Number = {C059},
	Title = {TDL Specification and Report},
	Year = {2004}}

@techreport{asm:ASML,
	Author = {Yuri Gurevich and Wolfram Schulte and Margus Veanes},
	Institution = {Microsoft Research},
	Month = {October},
	Note = {Tools available: http://www.codeplex.com/AsmL},
	Number = {MSR-TR-2001-98},
	Title = {Toward Industrial Strength Abstract State Machines},
	Year = {2001}}

@techreport{sem:OpSem,
	Author = {Dana S. Scott},
	Institution = {Programming Research Group, Oxford University},
	Title = {Outline of a Mathematical Theory of Computation},
	Year = {1970}}

@book{prog:beckXP,
	Address = {Reading, MA},
	Author = {Kent Beck},
	Publisher = {Addison-Wesley},
	Title = {Extreme Programming Explained: Embrace Change},
	Year = {2000}}

@article{sem:opsemZ,
	Author = {Marc V. Benveniste},
	Journal = {Springer LNCS 551: Proc. of the 4th International Symp. of VDM Europe on Formal Software Development},
	Pages = {164--188},
	Title = {Writing Operational Semantics in Z: A Structural Approach},
	Volume = {1},
	Year = {1991}}

@inproceedings{verif:bip,
	Address = {Washington, DC, USA},
	Author = {Ananda Basu and Marius Bozga and Joseph Sifakis},
	Booktitle = {SEFM '06: Proc. of the 4th IEEE International Conference on Software Engineering and Formal Methods},
	Pages = {3--12},
	Publisher = {IEEE Computer Society},
	Title = {Modeling Heterogeneous Real-time Components in {BIP}},
	Url = {papers/Basu-Bozga-Sifakis-06.pdf},
	Year = {2006},
	Bdsk-Url-1 = {papers/Basu-Bozga-Sifakis-06.pdf}}

@inproceedings{asm:ASM_UML,
	Author = {Egon Borger and A. Cavarra and Elvinia Riccobene},
	Booktitle = {T. Rus (ed.), Algebraic Methodology and Software Technology, 8th International Conference , AMAST 2000 Proceedings, Springer LNCS, Vol. 1816},
	Pages = {293--308},
	Title = {An ASM semantics for UML activity diagrams},
	Year = {2000}}

@incollection{asm:Bakery,
	Author = {Egon Borger and Yuri Gurevich and Dean Rosenzweig},
	Booktitle = {Specification and Validation Methods},
	Pages = {231--243},
	Publisher = {Oxford Univ. Press},
	Title = {The Bakery Algorithm: Yet Another Specification and Verification},
	Year = {1995}}

@book{prog:cmmi,
	Author = {Mary Beth Chrissis and Mike Konrad and Sandy Shrum},
	Edition = {second},
	Publisher = {Addison-Wesley},
	Title = {CMMI: Guidelines for Process Integration and Product Improvement},
	Year = {2006}}

@article{modeling:hfsm,
	Author = {Alain Girault and Bilung Lee and Edward A. Lee},
	Journal = {IEEE Transactions on Computer-Aided Design of Integrated Circuits and Systems},
	Month = {June},
	Number = {6},
	Pages = {742--760},
	Title = {Hierarchical finite state machines with multiple concurrency models},
	Volume = {18},
	Year = {1999}}

@incollection{asm:lipari,
	Author = {Yuri Gurevich},
	Booktitle = {Specification and Validation Methods},
	Pages = {9--36},
	Publisher = {Oxford Univ. Press},
	Title = {Evolving Algebra 1993: Lipari Guide},
	Year = {1995}}

@book{prog:rapid_dev,
	Address = {Redmond, WA},
	Author = {Steve McConnell},
	Publisher = {Microsoft Press},
	Title = {Rapid Development: Taming Wild Software Schedules},
	Year = {1996}}

@techreport{omg:mda,
	Author = {{Object Management Group}},
	Number = {omg/2003-06-01},
	Title = {MDA Guide Version 1.0.1},
	Year = {2003}}

@book{sem:semwapp,
	Address = {London},
	Author = {Hanne Riis Nielson and Flemming Nielson},
	Publisher = {Springer-Verlag},
	Title = {Semantics with Applications: An Appetizer},
	Year = {2007}}

@book{asm:java,
	Address = {Berlin},
	Author = {Robert Stark and Joachim Schmid and Egon Borger},
	Publisher = {Springer-Verlag},
	Title = {Java and the Java Virtual Machine: Definition, Verification, Validation},
	Year = {2001}}

@article{sem:eventstruct,
	Author = {Glynn Winskel},
	Journal = {Advances in Petri Nets. Springer LNCS 255},
	Title = {Event Structures},
	Year = {1987}}

@book{sem:winskel,
	Address = {Cambridge, MA},
	Author = {Glynn Winskel},
	Publisher = {MIT Press},
	Title = {The Formal Semantics of Programming Languages: An Introduction},
	Year = {1993}}

@incollection{mic:meta_lang,
	Author = {Matthew Emerson and Sandeep Neema and Janos Sztipanovits},
	Booktitle = {Handbook of Real-Time and Embedded Systems},
	Editor = {Insup Lee and Joseph Leung and Sang H. Son},
	Publisher = {CRC Press},
	Title = {Metamodeling Languages and Metaprogrammable Tools},
	Year = {2006}}

@inproceedings{mic:metaprog,
	Address = {Munich, Germany},
	Author = {G. Karsai and A. Ledeczi and S. Neema and J. Sztipanovits},
	Booktitle = {Proc. of the IEEE Joint Conference CCA, ISIC and CACSD},
	Title = {The Model-Integrated Computing Toolsuite: Metaprogrammable Tools for Embedded Control System Design},
	Year = {2006}}

@article{timed:ta,
	Author = {R. Alur and D. Dill},
	Journal = {Theoretical Computer Science},
	Month = {Apr},
	Number = {2},
	Pages = {183--235},
	Title = {A Theory of Timed Automata},
	Volume = {126},
	Year = {1994}}

@inproceedings{timed:ta2,
	Address = {London},
	Author = {R. Alur},
	Booktitle = {Proc. of the 11th International Conference on Computer Aided Verification, LNCS 1633},
	Editor = {N. Halbwachs and D. Peled},
	Pages = {8--22},
	Publisher = {Springer-Verlag},
	Title = {Timed Automata},
	Year = {1999}}

@article{os:tinyos,
	Author = {P. Levis and S. Madden and J. Polastre and R. Szewczyk and K. Whitehouse and A. Woo and D. Gay and J. Hill and M. Welsh and E. Brewer and D. Culler},
	Journal = {Ambient Intelligence, Springer-Verlag},
	Title = {TinyOS: An operating system for wireless sensor networks},
	Year = 2005}

@misc{tools:xilinxise,
	Howpublished = {http://www.xilinx.com/},
	Title = {{Xilinx ISE HDL Design Environment}}}

@manual{tools:bgl,
	Author = {Jeremy Siek and Lie-Quan Lee and Andrew Lumsdaine},
	Publisher = {Addison-Wesley Professional},
	Series = {{C++ In-Depth}},
	Title = {The Boost Graph Library: User Guide and Reference Manual},
	Url = {{http://www.boost.org/doc/libs/1_39_0/libs/graph/doc/index.html}},
	Year = {2001},
	Bdsk-Url-1 = {%7Bhttp://www.boost.org/doc/libs/1_39_0/libs/graph/doc/index.html%7D}}

@misc{hw:gumstix,
	Howpublished = {http://www.gumstix.com},
	Title = {Gumstix, Inc. Verdex and Robostix I/O processing modules}}

@misc{tools:gme,
	Author = {ISIS, Vanderbilt University},
	Howpublished = {http://www.isis.vanderbilt.edu/projects/gme},
	Title = {{Generic Modeling Environment}}}

@misc{modeling:moses,
	Author = {ETH Zurich},
	Howpublished = {http://www.tik.ee.ethz.ch/~moses},
	Title = {MOSES Project Tools}}

@misc{modeling:kermeta,
	Author = {IRISA},
	Howpublished = {http://www.kermeta.org},
	Title = {Kermeta Metamodeling Tools}}

@misc{hw:tttech,
	Howpublished = {http://www.tttech.com/},
	Title = {{TTTech TTP/C Cluster}}}

@misc{tools:tttech,
	Howpublished = {http://www.tttech.com},
	Title = {TTTech TTPlan Scheduling Tools}}

@misc{sched:cheddar,
	Howpublished = {http://beru.univ-brest.fr/~singhoff/cheddar},
	Title = {{The Cheddar project : a free real time scheduling analyzer}}}

@misc{modeling:Topcased,
	Howpublished = {http://www.topcased.org/index.php},
	Title = {{TOPCASED: The Open-Source Toolkit for Critical Systems}}}

@misc{modeling:STOOD,
	Howpublished = {http://www.ellidiss.com/stood.shtml},
	Title = {{Ellidiss STOOD modeling methodology and tools}}}

@techreport{modeling:aadl,
	Author = {{AS-2 Embedded Computing Systems Committee}},
	Institution = {Society of Automotive Engineers},
	Month = {November},
	Number = {AS5506},
	Title = {Architecture Analysis and Design Language (AADL)},
	Year = {2004}}

@techreport{modeling:aadl_control_systems,
	Author = {{John Hudak and Peter Feiler}},
	Institution = {CMU SEI},
	Number = {CMU/SEI-2007-TR-014},
	Title = "{Developing AADL Models for Control Systems: A Practitioner's Guide}",
	Year = {2007}}

@inproceedings{verif:aadl_bip,
	Address = {Toulouse, France},
	Author = {Mohamed Yassin Chkouri and Anne Robert and Marius Bozga and Joseph Sifakis},
	Booktitle = {Workshops and Symposia at MoDELS 2008 (ACES-MB), LNCS 5421},
	Publisher = {Springer},
	Title = {{Translating AADL into BIP - Application to the Verification of Real-time Systems}},
	Year = {2009}}

@article{sched:aadl_sched,
	Address = {New York, NY, USA},
	Author = {F. Singhoff and J. Legrand and L. Nana and L. Marc\'{e}},
	Doi = {http://doi.acm.org/10.1145/1104011.1103847},
	Issn = {1094-3641},
	Journal = {Ada Lett.},
	Number = {4},
	Pages = {1--10},
	Publisher = {ACM},
	Title = "{Scheduling and memory requirements analysis with AADL}",
	Volume = {XXV},
	Year = {2005},
	Bdsk-Url-1 = {http://doi.acm.org/10.1145/1104011.1103847}}

@misc{tools:gecode,
	Author = {C. Schulte and M. Lagerkvist and G. Tack},
	Howpublished = {http://www.gecode.org/},
	Title = {{Gecode: Generic Constraint Development Environment}}}

@misc{tools:mozart,
	Howpublished = {http://www.mozart-oz.org},
	Title = {Mozart Constraint Programming Tool (Oz constraint programming language implementation)}}

@misc{tools:xuml,
	Author = {Kennedy Carter Ltd.},
	Howpublished = {http://www.kc.com/xuml.php},
	Title = {{Kennedy-Carter Excecutable UML (xUML)}}}

@misc{tools:mathworks,
	Author = {{The MathWorks, Inc.}},
	Howpublished = {http://www.mathworks.com},
	Title = {{Simulink/Stateflow Tools}}}

@misc{tools:matrixx,
	Author = {{National Instruments, Inc.}},
	Howpublished = {http://www.ni.com/matrixx},
	Title = {MATRIXx Tools}}

@misc{tools:ptolemy2,
	Author = {UCB},
	Howpublished = {{http://ptolemy.berkeley.edu/ptolemyII}},
	Title = {{Ptolemy II}}}

@misc{tools:UPPAAL,
	Author = {{Basic Research in Computer Science (Aalborg Univ.) / Dept. of Information Technology (Uppsala Univ.)}},
	Howpublished = {http://www.uppaal.com/},
	Note = {Integrated tool environment for modeling, validation and verification of real-time systems.},
	Title = {UPPAAL}}

@misc{timed:IFTool,
	Author = {Verimag},
	Howpublished = {http://www-verimag.imag.fr/~async/IF/index.htm},
	Title = {IF Verification Tool}}

@inproceedings{ZhouLeungLee2007,
	Author = {{Gang Zhou and Man-Kit Leung and Edward A. Lee}},
	Booktitle = {{Proceedings of International Conference on Embedded Software and Systems 2007, LNCS 4523}},
	Editor = {{Y.-H. Lee et al.}},
	Month = {May},
	Pages = {786-799},
	Title = {{A Code Generation Framework for Actor-Oriented Models with Partial Evaluation}},
	Url = {http://chess.eecs.berkeley.edu/pubs/251.html},
	Year = {2007},
	Bdsk-Url-1 = {http://chess.eecs.berkeley.edu/pubs/251.html}}

@article{sched:offline,
	Author = {K. Schild and J. W{\"u}rtz},
	Journal = {Constraints},
	Month = {Oct.},
	Number = {4},
	Pages = {335-357},
	Publisher = {Kluwer Acad. Pub.},
	Title = {Scheduling of Time-Triggered Real-Time Systems},
	Volume = {5},
	Year = {2000}}

@techreport{sched:constr,
	Author = {Cecilia Ekelin and Jan Jonsson},
	Institution = {Chalmers Univ. of Technology},
	Number = {TR 00-12},
	Title = {Solving Embedded Systems Scheduling Problems Using Constraint Programming},
	Url = {http://www.ce.chalmers.se/~cekelin},
	Year = {2000},
	Bdsk-Url-1 = {http://www.ce.chalmers.se/~cekelin}}

@incollection{sched:cumulatives,
	Author = {Nicolas Beldiceanu and Mats Carlsson},
	Booktitle = {CP},
	Editor = {Pascal van Hentenryck},
	Pages = {63--79},
	Publisher = {Springer},
	Series = {LNCS},
	Title = {A New Multi-Resource cumulatives Constraint with Negative Heights},
	Year = {2002}}

@article{timed:ttpa,
	Author = {Hermann Kopetz and Michael Holzmann and Wilfried Elmenreich},
	Journal = {International Journal of Computer System, Science, and Engineering},
	Month = {Mar.},
	Number = {2},
	Title = {A Universal Smart Transducer Interface: TTP/A},
	Url = {citeseer.ist.psu.edu/kopetz00universal.html},
	Volume = {16},
	Year = {2001},
	Bdsk-Url-1 = {citeseer.ist.psu.edu/kopetz00universal.html}}

@article{timed:giotto2,
	Author = {Thomas A. Henzinger and Benjamin Horowitz and Christoph Meyer Kirsch},
	Journal = {LNCS},
	Pages = {166--184},
	Title = {Giotto: {A} Time-Triggered Language for Embedded Programming},
	Url = {citeseer.ist.psu.edu/henzinger00giotto.html},
	Volume = {2211},
	Year = {2001},
	Bdsk-Url-1 = {citeseer.ist.psu.edu/henzinger00giotto.html}}

@incollection{prog:embsys,
	Author = {T.A. Henzinger and J. Sifakis},
	Booktitle = {FM: Formal Methods},
	Pages = {1--15},
	Publisher = {Springer},
	Series = {LNCS},
	Title = {The embedded systems design challenge},
	Volume = {4085},
	Year = {2006}}

@misc{tools:alteraquartus,
	Author = {Altera},
	Howpublished = {http://www.altera.com/},
	Title = {{Quartus HDL Design Environment}}}

@misc{gcc,
	Author = {Free Software Foundation},
	Howpublished = {http://gcc.gnu.org/},
	Title = {{GCC, the GNU Compiler Collection}}}

@book{tools:stateflow,
	Author = {The MathWorks Inc.},
	Publisher = {The Mathworks, Inc.},
	Title = {Stateflow and Stateflow Coder 7 User's Guide},
	Year = {2007}}

@book{modeling:statecharts,
	Author = {{D. Harel and M. Politi}},
	Publisher = {McGraw-Hill},
	Title = {{Modeling Reactive Systems with Statecharts: The STATEMATE Approach}},
	Year = {1998}}

@incollection{modeling:platform,
	Author = {Luca P. Carloni and Fernando De Bernardinis and Claudio Pinello and Alberto L. Sangiovanni-Vincentelli and Marco Sgroi},
	Booktitle = {The Embedded Systems Handbook},
	Editor = {R. Zurawski},
	Publisher = {CRC Press},
	Title = {Platform-Based Design for Embedded Systems},
	Year = {2005}}

@inproceedings{modeling:platform2,
	Author = {A. L. Sangiovanni-Vincentelli and L. Carloni and F. De Bernardinis and M. Sgroi},
	Booktitle = {Proceedings of the Design Automation Conference (DAC'04)},
	Month = {June},
	Title = {Benefits and Challenges for Platform-Based Design},
	Year = {2004}}

@article{modeling:platform3,
	Author = {{Alberto Sangiovanni-Vincentelli}},
	Journal = {{EEDesign of EETimes}},
	Month = {{February}},
	Title = {{Defining Platform-based Design}},
	Url = {http://www.gigascale.org/pubs/141.html},
	Year = {2002},
	Bdsk-Url-1 = {http://www.gigascale.org/pubs/141.html}}

@techreport{sem:taggedsig2,
	Author = {Edward A. Lee and Alberto L. Sangiovanni-Vincentelli},
	Institution = {EECS Department, University of California, Berkeley},
	Number = {UCB/ERL M97/11},
	Title = {A Denotational Framework for Comparing Models of Computation},
	Url = {http://www.eecs.berkeley.edu/Pubs/TechRpts/1997/3183.html},
	Year = {1997},
	Bdsk-Url-1 = {http://www.eecs.berkeley.edu/Pubs/TechRpts/1997/3183.html}}

@techreport{mic:ecsldp,
	Author = {Sandeep Neema and Gabor Karsai},
	Institution = {Institute for Software Integrated Systems, Vanderbilt University},
	Number = {ISIS-04-505},
	Title = {Embedded Control Systems Language for Distributed Processing ({ECSL-DP})},
	Url = {http://www.isis.vanderbilt.edu/publications/archive/Neema_S_5_12_2004_Embedded_C.pdf},
	Year = {2004},
	Bdsk-Url-1 = {http://www.isis.vanderbilt.edu/publications/archive/Neema_S_5_12_2004_Embedded_C.pdf}}

@inproceedings{quad:passcontrol,
	Author = {Nicholas Kottenstette and Joseph Porter},
	Institution = {Inst. for Software Integrated Systems, Vanderbilt Univ.},
	Address = {Christchurch, New Zealand},
	booktitle = {ICCA '09: 7th {IEEE} Intl. Conf. on Control and Automation},
	Title = {Digital Passive Attitude and Altitude Control Schemes for Quadrotor Aircraft},
	Year = {2009}}

@inproceedings{modeling:truetime,
    title = {{Automated Synthesis of Time-Triggered Architecture-based TrueTime Models for Platform Effects Simulation and Analysis}}, 
    author = {G. Hemingway and J. Porter and N. Kottenstette and H. Nine and C. vanBuskirk and G. Karsai and J. Sztipanovits},
    booktitle = {RSP '10: 21st {IEEE} Intl. Symp. on Rapid Systems Prototyping },
    month = {Jun},
    year = {2010}
}

@article{pass:delasen,
	Author = {M. De la Sen},
	Journal = {Amer. Jour. of Applied Sci. I},
	Volume = {3},
	Pages = {248--254},
	Year = {2004},
	Title = {Links between Dynamic Physical Systems and Operator Theory Issues Concerning Energy Balances and Stability}
}

@article{pass:delasen2,
	Author = {M. De la Sen},
	Journal = {Informatica},
	Volume = {16},
	Number = {3},
	Pages = {395--406},
	Year = {2005},
	Title = {Some Conceptual Links between Dynamic Physical Systems and Operator Theory Issues Concerning Energy Balances and Stability}
}


@techreport{pass:powerjunction,
	Author = {Nicholas Kottenstette and Joseph Hall and Xenofon Koutsoukos and Panos Antsaklis and Janos Sztipanovits},
	Institution = {Inst. for Software Integrated Systems, Vanderbilt Univ.},
	Month = {Mar},
	Title = {Digital Control of Multiple Discrete Passive Plants Over Networks},
	Year = {2009}}

@techreport{pass:conditions,
	Author = {Nicholas Kottenstette and Panos J. Antsaklis},
	Institution = {Institute for Software Integrated Systems, Vanderbilt University and University of Notre Dame},
	Month = {November},
	Number = {ISIS-2008-002},
	Title = {Time Domain and Frequency Domain Conditions For Passivity},
	Year = {2008}}

@inproceedings{mic:verifgrtrans,
	Author = {{A. Narayanan and G. Karsai}},
	Booktitle = {{5th International Workshop on Graph Transformation and Visual Modeling Techniques, 2006, Vienna, Austria}},
	Month = {Apr},
	Pages = {185-194},
	Title = {{Towards verifying model transformations}},
	Year = {2006}}

@article{modeling:giotto3,
	Author = {Thomas Henzinger and Benjamin Horowitz and Christoph Kirsch},
	Journal = {Proceedings of the IEEE},
	Month = {January},
	Pages = {84-99},
	Title = {Giotto: A time-triggered language for embedded programming},
	Url = {http://www.gigascale.org/pubs/397.html},
	Volume = {91},
	Year = {2003},
	Bdsk-Url-1 = {http://www.gigascale.org/pubs/397.html}}

@manual{tools:devspp,
	Address = {http://odevspp.sourceforge.net/},
	Author = {Moon Ho Hwang},
	Edition = {first},
	Month = {May},
	Title = {DEVS++: C++ Open Source Library of DEVS Formalism},
	Year = {2007}}

@book{timed:rtsys,
	Address = {Boston},
	Author = {Hermann Kopetz},
	Publisher = {Kluwer Academic Publishers},
	Title = {Real-Time Systems: Design Principles for Distributed Embedded Applications},
	Year = {1997}}

@article{timed:tta2,
	Author = {Hermann Kopetz and G{\"u}nther Bauer},
	Journal = {Proceedings of the {IEEE}, Special Issue on Modeling and Design of Embedded Software},
	Month = {Oct},
	Title = {The Time-Triggered Architecture},
	Url = {citeseer.ist.psu.edu/kopetz88timetriggered.html},
	Year = {2001},
	Bdsk-Url-1 = {citeseer.ist.psu.edu/kopetz88timetriggered.html}}

@misc{afdxspec,
    title = {{ARINC 664 Specification. Part 7, Avionics Full Duplex Switched Ethernet (AFDX) Network}},
    year = {2004}}

@INPROCEEDINGS{timed:ttethernet,
author={Steiner, Wilfried},
booktitle={Digital Avionics Systems Conf., 2009. DASC '09. IEEE/AIAA 28th}, 
title={{TTEthernet: Time-triggered services for Ethernet networks}},
year={2009},
month={Oct},
volume={},
number={},
pages={1.B.4-1 -1.B.4-1},
keywords={},
doi={10.1109/DASC.2009.5347573},
ISSN={},}

@article{timed:tta,
	Author = {Hermann Kopetz and G{\"u}nther Bauer},
	Journal = {Proc. of the IEEE},
	Month = {Jan},
	Number = {1},
	Pages = {112--126},
	Title = {The {T}ime-{T}riggered {A}rchitecture},
	Volume = {91},
	Year = {2003}}

@article{hw:ttpc,
	Address = {Los Alamitos, CA, USA},
	Author = {Hermann Kopetz and G\"{u}nter Gr\"{u}nsteidl},
	Doi = {http://dx.doi.org/10.1109/2.248873},
	Issn = {0018-9162},
	Journal = {Computer},
	Number = {1},
	Pages = {14--23},
	Publisher = {IEEE Computer Society Press},
	Title = {TTP-A Protocol for Fault-Tolerant Real-Time Systems},
	Volume = {27},
	Year = {1994},
	Bdsk-Url-1 = {http://dx.doi.org/10.1109/2.248873}}

@article{timed:ttpa,
	Author = {Hermann Kopetz and Michael Holzmann and Wilfried Elmenreich},
	Journal = {International Journal of Computer System Science $\&$ Engineering},
	Month = {Mar.},
	Number = {2},
	Title = {A Universal Smart Transducer Interface: TTP/A},
	Url = {citeseer.ist.psu.edu/kopetz00universal.html},
	Volume = {16},
	Year = {2001},
	Bdsk-Url-1 = {citeseer.ist.psu.edu/kopetz00universal.html}}

@article{mic:mic,
	Author = {Gabor Karsai and Janos Sztipanovits and Akos Ledeczi and Ted Bapty},
	Journal = {Proceedings of the IEEE},
	Month = {Jan.},
	Number = {1},
	Title = {Model-Integrated Development of Embedded Software},
	Volume = {91},
	Year = {2003}}

@techreport{sem:taggedsig3,
	Author = {Edward A. Lee and Alberto L. Sangiovanni-Vincentelli},
	Institution = {EECS Department, University of California, Berkeley},
	Number = {UCB/ERL M97/11},
	Title = {A Denotational Framework for Comparing Models of Computation},
	Url = {http://www.eecs.berkeley.edu/Pubs/TechRpts/1997/3183.html},
	Year = {1997},
	Bdsk-Url-1 = {http://www.eecs.berkeley.edu/Pubs/TechRpts/1997/3183.html}}

@manual{tools:adevs,
	Address = {http://www.ornl.gov/$\sim$1qn/adevs/index.html},
	Author = {Jim Naruto},
	Title = {Adevs (A Discrete EVent System simulator) C++ Library},
	Year = {2008}}

@book{modeling:thrymodsim,
	Author = {Bernard P. Zeigler},
	Publisher = {John Wiley},
	Title = {Theory of Modeling and Simulation},
	Year = {1976}}

@book{modeling:thrymodsim2,
	Address = {Orlando, FL, USA},
	Author = {Bernard P. Zeigler and Tag Gon Kim and Herbert Praehofer},
	Isbn = {0127784551},
	Publisher = {Academic Press, Inc.},
	Title = {Theory of Modeling and Simulation},
	Year = {2000}}

@manual{tools:devsjava,
	Address = {http://odevspp.sourceforge.net/},
	Author = {Bernard P. Zeigler and Hessam S. Sarjoughian},
	Title = {Introduction to DEVS Modeling and Simulation with JAVA. DEVSJAVA Manual},
	Website = {www.acims.arizona.edu/PUBLICATIONS/publications.shtml},
	Year = {2003}}

@mastersthesis{timed:frodo,
	Author = {Ryan Thibodeaux},
	Month = {May},
	School = {Vanderbilt Univ.},
	Title = {The Specification and Implementation of a Model of Computation},
	Year = {2008}}

@misc{tools:freertos,
	Howpublished = {http://www.freertos.org},
	Title = {FreeRTOS Open Source Real-Time Operating System Kernel}}

@manual{tools:truetime,
	Address = {Sweden},
	Author = {Martin Ohlin and Dan Henriksson and Anton Cervin},
	Month = {Jan},
	Note = {http://www.control.lth.se/truetime/},
	Organization = {Dept. of Automatic Control, Lund Univ.},
	Title = {TrueTime 1.5 Ref. Manual},
	Year = {2007}}

@inproceedings{mic:udm,
	Author = {E. Magyari and A. Bakay and A. Lang and et al},
	Booktitle = {The 3rd OOPSLA Workshop on Domain-Specific Modeling},
	Month = {October},
	Title = {UDM: An Infrastructure for Implementing Domain-Specific Modeling Languages},
	Year = {2003}}

@incollection{tools:Z,
	Author = {Jean-Raymond Abrial and Stephen A. Schuman and Bertrand Meyer},
	Booktitle = {On the Construction of Programs},
	Editor = {A. M. Macnaghten and R. M. McKeag},
	Note = {(describes an early version of the Z language)},
	Publisher = {Cambridge University Press},
	Title = {A Specification Language},
	Year = {1980}}

@incollection{verif:onlinerules,
    author ={Howard Barringer and Allen Goldberg and Klaus Havelund and Koushik Sen},
    booktitle = {Verification, Model Checking, and Abstract Interpretation},
    title = {Rule-Based Runtime Verification},
    year = {2004},
    pages = {277--306},
    publisher = {Springer Berlin / Heidelberg},
    volume = {LNCS 2937}}

@INPROCEEDINGS{verif:onlinerules2,
author={Barringer, H. and Goldberg, A. and Havelund, K. and Sen, K.},
booktitle={Parallel and Distributed Processing Symposium, 2004. Proc. 18th International}, title={Program monitoring with LTL in EAGLE},
year={2004},
month={Apr},
volume={},
number={},
pages={264},
doi={10.1109/IPDPS.2004.1303336},
ISSN={ },}

@INPROCEEDINGS{online:rtmac,
author={Sammapun, U. and Insup Lee and Sokolsky, O.},
booktitle={{11th IEEE Intl. Conf. on Emb. and Real-Time Comp. Systems and App.}}, 
title={{RT-MaC: runtime monitoring and checking of quantitative and probabilistic properties}},
year={2005},
month={Aug},
volume={},
number={},
pages={ 147 - 153},
doi={10.1109/RTCSA.2005.84},
ISSN={1533-2306 },}

@inproceedings{verif:bayesian,
author = {P. Zuliani and A. Platzer and E. M. Clarke},
title = {Bayesian Statistical Model Checking with Application to Stateflow/Simulink Verification},
booktitle = {{HSCC 2010: 13th Intl. Conf. on Hybrid Systems: Computation and Control}}, 
month = {Apr}, 
pages = {12--16}, 
year = {2010}, 
address = {Stockholm, Sweden}
}

@INPROCEEDINGS{online:arinc653,
author={Goldberg, A. and Horvath, G.},
booktitle={{IEEE Aerospace Conf.}}, 
title={{Software Fault Protection with ARINC 653}},
year={2007},
month={Mar},
volume={},
number={},
pages={1--11},
doi={10.1109/AERO.2007.352946},
ISSN={1095-323X},}

@inproceedings{online:monitoring,
 author = {Jagadeesan, Lalita Jategaonkar and Viswanathan, Ramesh},
 title = {Passive mid-stream monitoring of real-time properties},
 booktitle = {Proc. of the 5th ACM Intl. Conf. on Embedded Soft. (EMSOFT '05)},
 year = {2005},
 isbn = {1-59593-091-4},
 pages = {343--352},
 location = {Jersey City, NJ, USA},
 doi = {http://doi.acm.org/10.1145/1086228.1086291},
 publisher = {ACM},
 address = {New York, NY, USA},
 }


@manual{sem:Z,
	Month = {July},
	Note = {13568:2002},
	Organization = {ISO/IEC},
	Year = {2002}}

@book{asm:book,
	Author = {Egon B{\"o}rger and Robert St{\"a}rk},
	Publisher = {Springer-Verlag},
	Title = {Abstract State Machines: A Method for High-Level System Design and Analysis},
	Year = {2003}}

@article{control:sectors1,
	Author = {George Zames},
	Journal = {IEEE Trans. on Aut. Control},
	Keywords = {Nonlinear systems, time-varying, Stability, Time-varying systems, nonlinear},
	Month = {Apr},
	Number = {2},
	Pages = {228-238},
	Title = {On the input-output stability of time-varying nonlinear feedback systems Part one: Conditions derived using concepts of loop gain, conicity, and positivity},
	Volume = {11},
	Year = {1966}}

@book{control:lmibook,
	Author = {Stephen Boyd and Laurent El Ghaoui and E. Feron and V. Balakrishnan},
	Publisher = {Society for Industrial and Applied Mathematics (SIAM)},
	Series = {Studies in Applied Mathematics},
	Title = {Linear Matrix Inequalities in System and Control Theory},
	Volume = {15},
	Year = {1994}}

@misc{tools:cvx,
	Author = {Michael Grant and Stephen Boyd},
	Howpublished = {http://stanford.edu/~boyd/cvx},
	Month = {February},
	Title = {CVX: Matlab software for disciplined convex programming},
	Year = {2009}}

@article{opt:discconvprog,
	Author = {Michael Grant and Stephen Boyd},
	Editors = {V. Blondel and S. Boyd and H. Kimura},
	Journal = {Recent Advances in Learning and Control (a tribute to M. Vidyasagar)},
	Pages = {95--110},
	Publisher = {Springer},
	Series = {Lecture Notes in Control and Information Sciences},
	Title = {Graph implementations for nonsmooth convex programs},
	Year = {2008}}

@book{control:sectorswillems,
	Address = {Cambridge, MA},
	Author = {Jan C. Willems},
	Publisher = {MIT Press},
	Title = {The Analysis of Feedback Systems. Research Monograph No. 62},
	Year = {1971}}

@manual{std:DO178B,
	Address = {1828 L St. NW, Ste. 805, Washington, D.C. 20036},
	Month = {December},
	Note = {Prepared by: RTCA SC-167},
	Organization = {RTCA, Inc.},
	Title = {DO-178B: Software Considerations in Airborne Systems and Equipment Certification},
	Year = {1992}}

@inproceedings{asm:tasm,
	Address = {Nancy, France},
	Author = {Martin Ouimet and Kristina Lundqvist},
	Booktitle = {Proc. of the 15th Intl. Conf. on Real-Time and Network Systems (RTNS '07)},
	Month = {March},
	Title = {The Timed Abstract State Machine Language: An Executable Specification Language for Reactive Real-Time Systems},
	Year = {2007}}

@inproceedings{asm:tasm_sat,
	Address = {Braga, Portugal},
	Author = {Martin Ouimet and Kristina Lundqvist},
	Booktitle = {3rd International Workshop on Model-Based Testing (MBT '07), Satellite of ETAPS '07},
	Month = {April},
	Title = {Automated Verification of Completeness and Consistency of Abstract State Machine Specifications using a SAT Solver},
	Year = {2007}}

@inproceedings{asm:asm_spin,
	Author = {Angelo Gargantini and Elvinia Riccobene and Salvatore Rinzivillo},
	Bibsource = {DBLP, http://dblp.uni-trier.de},
	Booktitle = {ASM 2003: Advances in Theory and Practice, 10th Intl. Workshop},
	Isbn = {3-540-00624-9},
	Month = {March},
	Pages = {263-277},
	Publisher = {Springer},
	Series = {LNCS},
	Title = {Using SPIN to Generate Tests From ASM Specifications},
	Volume = {2589},
	Year = {2003}}

@inproceedings{mic:compspec,
	Address = {Netherlands},
	Author = {K. Chen and J. Sztipanovits and S. Neema},
	Booktitle = {Design, Automation, and Test in Europe: The Most Influential Papers of 10 Years DATE, part III},
	Pages = {253--265},
	Publisher = {Springer},
	Title = {Compositional Specification of Behavioral Semantics},
	Year = {2008}}

@inproceedings{mic:semunit_ta,
	Author = {K. Chen and J. Sztipanovits and S. Abdelwahed},
	Booktitle = {Proceedings of RTAS'06},
	Pages = {347-360},
	Title = {A Semantic Unit for Timed Automata Based Modeling Languages},
	Year = {2006}}

@inproceedings{mic:semunits,
	Address = {Jersey City, New Jersey},
	Author = {K. Chen and J. Sztipanovits and S. Neema and M. Emerson and S. Abdelwahed},
	Booktitle = {Proceedings of the Fifth ACM International Conference on Embedded Software (EMSOFT'05)},
	Month = {Sep},
	Pages = {35-44},
	Title = {Toward a Semantic Anchoring Infrastructure for Domain-Specific Modeling Languages},
	Year = {2005}}

@ARTICLE{online:ortega,
author={Xue Liu and Qixin Wang and S. Gopalakrishnan and Wenbo He and Lui Sha and Hui Ding and Kihwal Lee},
journal={{IEEE Trans. on Ind. Informatics}}, 
title={{ORTEGA: An Efficient and Flexible Online Fault Tolerance Architecture for Real-Time Control Systems}},
year={2008},
month={Nov},
volume={4},
number={4},
pages={213 -224},
doi={10.1109/TII.2008.2010774},
ISSN={1551-3203}}



@ARTICLE{control:selftriggered,
author={Anta, A and Tabuada, P},
journal={{IEEE Trans. on Aut. Control}}, 
title={To Sample or Not to Sample: Self-Triggered Control for Nonlinear systems},
year={2010},
month={ },
volume={PP},
number={99},
pages={1 -1},
keywords={},
doi={10.1109/TAC.2010.2042980},
ISSN={0018-9286},}

@inproceedings{sched:analysis,
	Address = {Grenoble, France},
	Author = {Joseph Porter and Gabor Karsai and Janos Sztipanovits},
	Booktitle = {EMSOFT '09: Proc. of ACM Intl. Conf. on Embedded Software},
	Month = {Oct},
	Title = {Towards a Time-Triggered Schedule Calculation Tool to Support Model-Based Embedded Software Design},
	Year = {2009}}

@inproceedings{mic:semunit_modtrans,
	Address = {Nuremberg, Germany},
	Author = {K. Chen and J. Sztipanovits and S. Abdelwahed and E. Jackson},
	Booktitle = {Proceedings of European Conference on Model Driven Architecture-Foundations and Applications (ECMDA-FA)},
	Month = {Nov},
	Pages = {115-129},
	Publisher = {Springer-Verlag},
	Series = {LNCS},
	Title = {Semantic Anchoring with Model Transformations},
	Volume = {3748},
	Year = {2005}}

@article{verif:pathfinder,
	Author = {W. Visser and K. Havelund and G. Brat and S. Park and F. Lerda},
	Journal = {Automated Software Engineering Journal},
	Month = {April},
	Number = {2},
	Title = {Model Checking Programs},
	Volume = {10},
	Year = {2003}}

@article{verif:cmu_magic,
	Author = {Sagar Chaki and Edmund Clarke and Alex Groce and Somesh Jha and Helmut Veith},
	Journal = {IEEE Transactions on Software Engineering (TSE)},
	Month = {June},
	Note = {http://www.cs.cmu.edu/~chaki/magic/},
	Number = {6},
	Pages = {388--402},
	Title = {Modular Verification of Software Components in C},
	Volume = {30},
	Year = {2004}}

@inproceedings{verif:saturn,
	Author = {Y. Xie and A. Aiken},
	Booktitle = {Proceedings of the 17th International Conference on Computer Aided Verification},
	Month = {Jan},
	Notes = {http://saturn.stanford.edu/},
	Pages = {139--143},
	Title = {Saturn: A SAT-Based Tool for Bug Detection},
	Year = {2005}}

@article{opt:trunc1,
	Author = {J. Skaf and S. Boyd},
	Journal = {{IEEE Trans. on Signal Proc.}},
	Month = {Jul},
	Volume = {56},
	Number = {7},
	Pages = {3162--3169},
	Title = {Filter Design With Low Complexity Coefficients},
	Year = {2008}}

@INPROCEEDINGS{opt:trunc2,
    author = {J. Skaf and S. Boyd},
    title = {Controller coefficient truncation using Lyapunov performance certificate},
    booktitle = {Proc. of the European Control Conf.},
    year = {2007},
    pages = {4699--4706}
}

@article{opt:trunc,
	Author = {J. Skaf and S. Boyd},
	Journal = {{Intl. Journal of Robust and Nonlinear Control}},
	Month = {Mar},
	Title = {{Controller Coefficient Truncation Using Lyapunov Performance Certificate}},
	Year = {2010}}

@article{opt:jitter,
	title = {Analysis and Synthesis of State-Feedback Controllers with Timing Jitter},
	author = {J. Skaf and S. Boyd},
	Month = {Mar},
	Year = {2009},
	pages = {652--657},
	journal = {{IEEE Trans. on Aut. Control}},
	volume = {54},
	number = {3}}

@inproceedings{opt:lminetwork,
	Author = {A. Bhave and B. H. Krogh},
	Booktitle = {{IEEE Conf. on Decision and Control, 2008}},
	Month = {Dec},
	Title = {Performance Bounds on State-Feedback Controllers with Network Delay},
	Year = {2008}}

@article{prog:Dijkstra72,
	Author = {Edsger W. Dijkstra},
	Journal = {Commun. ACM},
	Number = {10},
	Pages = {859-866},
	Title = {The Humble Programmer},
	Volume = {15},
	Year = {1972}}

@article{prog:TeBl98,
	Author = {Juergen Teich and Tobias Blickle and Lothar Thiele},
	Journal = {J. Design Automation for Embedded Systems},
	Month = jan,
	Pages = {23--58},
	Title = {System-Level Synthesis Using Evolutionary Algorithms},
	Volume = {3},
	Year = {1998}}

@inproceedings{modeling:refinement,
	Author = {J. Burch and R. Passerone and A. Sangiovanni-Vincentelli},
	Booktitle = {Integrated Design and Process Technology},
	Month = {June},
	Title = {Modeling Techniques in Design-by-Refinement Methodologies},
	Url = {http://www.gigascale.org/pubs/216.html},
	Year = {2002},
	Bdsk-Url-1 = {http://www.gigascale.org/pubs/216.html}}

@inproceedings{modeling:domain,
	Author = {Michael Jackson and Pamela Zave},
	Booktitle = {Proceedings of the IEEE Conference on Requirements Engineering},
	Pages = {56--64},
	Title = {Domain Descriptions},
	Year = {1993}}

@inproceedings{mic:constructive,
	Author = {Ethan Jackson and Janos Sztipanovits},
	Booktitle = {Proceedings of MODELS'07},
	Title = {Constructive Techniques for Meta- and Model-level Reasoning},
	Year = {2007}}

@article{modeling:dsm,
	Author = {Robert B. France and Bernhard Rumpe},
	Journal = {Software and System Modeling},
	Number = {1},
	Pages = {1-3},
	Title = {Domain specific modeling},
	Volume = {4},
	Year = {2005}}

@inproceedings{modeling:prodlines,
	Author = {Don S. Batory and Clay Johnson and Bob MacDonald and Dale von Heeder},
	Bibsource = {DBLP, http://dblp.uni-trier.de},
	Booktitle = {ICSR},
	Crossref = {DBLP:conf/icsr/2000},
	Pages = {117-136},
	Title = {Achieving Extensibility Through Product-Lines and Domain-Specific Languages: A Case Study},
	Year = {2000}}

@inproceedings{sem:requirements,
	Author = {Joseph A. Goguen},
	Bibsource = {DBLP, http://dblp.uni-trier.de},
	Booktitle = {ICRE},
	Ee = {http://dlib2.computer.org/conferen/icre/7252/pdf/72520102.pdf?},
	Pages = {102-109},
	Title = {Formality and Informality in Requirements Engineering},
	Year = {1996}}

@article{asm:evolvalgebra,
	Author = {Y. Gurevich},
	Journal = {EATCS},
	Pages = {264-284},
	Title = {Evolving Algebra: An Attempt to Discover Semantics},
	Volume = {43},
	Year = {1991}}

@inproceedings{asm:actionmachines,
	Author = {Wolfgang Grieskamp and Nikolai Tillmann and Colin Campbell and Wolfram Schulte and Margus Veanes},
	Bibsource = {DBLP, http://dblp.uni-trier.de},
	Booktitle = {QSIC},
	Crossref = {DBLP:conf/eh/2005},
	Ee = {http://doi.ieeecomputersociety.org/10.1109/QSIC.2005.10},
	Pages = {72-82},
	Title = {Action Machines - Towards a Framework for Model Composition, Exploration and Conformance Testing Based on Symbolic Computation},
	Year = {2005}}

@article{mic:overview,
	Author = {G. Karsai and J. Sztipanovits and A. Ledeczi and T. Bapty},
	Journal = {Proc. of the IEEE},
	Month = {January},
	Number = {1},
	Pages = {145-164},
	Title = {Model-Integrated Development of Embedded Software},
	Volume = {91},
	Year = {2003}}

@article{mic:gme,
	Author = {A. Ledeczi and M. Maroti and A. Bakay and G. Karsai and J. Garrett and C. Thomason IV and G. Nordstrom and J. Sprinkle and P. Volgyesi},
	Journal = {Workshop on Intelligent Signal Processing},
	Month = {May},
	Title = {The Generic Modeling Environment},
	Year = {2001}}

@article{paper:synclang,
	Author = {A. Benveniste and P. Caspi and S. Edwards and N. Halbwachs and P. Le Guernic and R. de Simone},
	Journal = {Proceedings of the IEEE},
	Number = {1},
	Pages = {64-83},
	Title = {The Synchronous Languages Twelve Years Later.},
	Volume = {91},
	Year = {2003}}

@article{mic:sepofcon,
	Author = {E. K. Jackson and J. Sztipanovits},
	Journal = {Proceedings of the Fifth ACM International Conference on Embedded Software (EMSOFT'05)},
	Month = {September},
	Pages = {25-34},
	Title = {Using Separation of Concerns for Embedded Systems Design},
	Year = {2005}}

@article{mic:ethanformal,
	Author = {E. K. Jackson and J. Sztipanovits},
	Journal = {Proceedings of the Sixth ACM International Conference on Embedded Software (EMSOFT'06)},
	Month = {October},
	Pages = {53-62},
	Title = {Towards a Formal Foundation for Domain Specific Modeling Languages},
	Year = {2006}}

@inproceedings{BurchPasseroneSangiovanni-Vincentelli2002,
	Author = {J. Burch and R. Passerone and A. Sangiovanni-Vincentelli},
	Booktitle = {Integrated Design and Process Technology},
	Month = {June},
	Title = {Modeling Techniques in Design-by-Refinement Methodologies},
	Url = {http://www.gigascale.org/pubs/216.html},
	Year = {2002},
	Bdsk-Url-1 = {http://www.gigascale.org/pubs/216.html}}

@techreport{plotkin81structural,
	Address = {University of Aarhus},
	Author = {G. D. Plotkin},
	Number = {DAIMI FN-19},
	Title = {A Structural Approach to Operational Semantics},
	Url = {citeseer.ist.psu.edu/article/plotkin81structural.html},
	Year = {1981},
	Bdsk-Url-1 = {citeseer.ist.psu.edu/article/plotkin81structural.html}}

@article{sem:simden,
	Author = {G. Hamon},
	Journal = {Proceedings of the Fifth ACM International Conference on Embedded Software (EMSOFT'05)},
	Month = {September},
	Pages = {164-172},
	Title = {A Denotational Semantics for Stateflow},
	Year = {2005}}

@article{sem:simop,
	Author = {G. Hamon and J. Rushby},
	Journal = {Proceedings of the conference on Fundamental Approaches to Software Engineering (FASE'04)},
	Pages = {229-243},
	Title = {An Operational Semantics for Stateflow},
	Volume = {Volume 2984 of LNCS},
	Year = {2005}}

@misc{modeling:viatra,
	Author = {G. Csertan and G. Huszerl and I. Majzik and Z. Pap and A. Pataricza and D. Varro},
	Text = {G. Csertan, G. Huszerl, I. Majzik, Z. Pap, A. Pataricza, and D. Varro. VIATRA: Visual automated transformations for formal verification and validation of UML models. In Proc. ASE 2002: 17th IEEE International Conference on Automated Software Engineering, Edinburgh, UK, September 23--27 2002. Accepted paper.},
	Title = {VIATRA: Visual automated transformations for formal verification and validation of UML models},
	Url = {citeseer.ist.psu.edu/article/csertan02viatra.html},
	Year = {2002},
	Bdsk-Url-1 = {citeseer.ist.psu.edu/article/csertan02viatra.html}}

@article{mic:great2,
	Author = {G. Karsai and A. Agrawal and F. Shi},
	Journal = {Journal of Universal Computer Science},
	Month = {November},
	Number = {11},
	Pages = {1296--1321},
	Title = {On the Use of Graph Transformations for the Formal Specification of Model Interpreters},
	Volume = {9},
	Year = {2003}}

@article{mic:great,
	Author = {{Aditya Agrawal and Gabor Karsai and Sandeep Neema and Feng Shi and Attila Vizhanyo}},
	Journal = {Journal on Software and System Modeling},
	Month = {Sep},
	Number = {3},
	Pages = {{261-288}},
	Title = {The Design of a Language for Model Transformations},
	Volume = {5},
	Year = {2006}}

@article{mic:StructuralSem,
	Author = {E. Jackson and J. Sztipanovits},
	Journal = {Journal of Software and Systems Modeling},
	Title = {Formalizing the Structural Semantics of Domain-Specific Modeling Languages},
	Year = {2009}}

@techreport{mic:doc,
	Author = {{Institute For Software Integrated Systems}},
	Institution = {Vanderbilt University},
	Title = {GME 5 User's Guide},
	Url = {http://www.isis.vanderbilt.edu/Projects/gme/GMEUMan.pdf},
	Year = {2005},
	Bdsk-Url-1 = {http://www.isis.vanderbilt.edu/Projects/gme/GMEUMan.pdf}}

@inproceedings{mic:Toolsuite,
	Address = {Munich, Germany},
	Author = {G. Karsai and A. Ledeczi and S. Neema and J. Sztipanovits},
	Booktitle = {Proceedings of the IEEE Joint Conference CCA, ISIC and CACSD},
	Month = {September},
	Title = {The Model-Integrated Computing Toolsuite: Metaprogrammable Tools for Embedded Control System Design.},
	Year = {2006}}

@inproceedings{mic:semanch,
	Author = {K. Chen and J. Sztipanovits and S. Neema and M. Emerson and S. Abdelwahed},
	Booktitle = {Proceedings of the Fifth ACM International Conference on Embedded Software (EMSOFT'05)},
	Month = {September},
	Title = {Toward a Semantic Anchoring Infrastructure for Domain-Specific Modeling Languages.},
	Year = {2005}}

@article{modeling:sld,
	Author = {A. L. Sangiovanni-Vincentelli},
	Journal = {Proc. of the IEEE},
	Month = {March},
	Number = {3},
	Pages = {467--506},
	Title = {Quo Vadis SLD: Reasoning about Trends and Challenges of System-Level Design},
	Volume = {95},
	Year = {2007}}

@inproceedings{modeling:interface,
	Author = {L. de Alfaro and T.A. Henzinger},
	Booktitle = {In Engineering Theories of Software Intensive Systems, proceedings of the Marktoberdorf Summer School, Kluwer},
	Publisher = {Kluwer},
	Title = {Interface-Based Design},
	Year = {2004}}

@article{moc:sdf,
	Author = {E. A. Lee and D. G. Messerschmitt},
	Date-Modified = {2009-09-04 14:50:08 -0500},
	Journal = {Proceedings of the IEEE},
	Number = {9},
	Pages = {1235-1245},
	Title = {Synchronous Data Flow},
	Volume = {75},
	Year = {1987}}



@techreport{moc:threads,
	Author = {E. A. Lee},
	Institution = {EECS Department, University of California, Berkeley},
	Month = {January 10},
	Number = {UCB/EECS-2006-1},
	Title = {The Problem with Threads},
	Url = {http://www.eecs.berkeley.edu/Pubs/TechRpts/2006/EECS-2006-1.html},
	Year = {2006},
	Bdsk-Url-1 = {http://www.eecs.berkeley.edu/Pubs/TechRpts/2006/EECS-2006-1.html}}

@book{algebra:universal,
	Author = {S. N. Burris and H.P. Sankappanavar},
	Publisher = {Springer-Verlag},
	Title = {A Course in Universal Algebra},
	Url = {http://www.thoralf.uwaterloo.ca/htdocs/ualg.html},
	Year = {1981},
	Bdsk-Url-1 = {http://www.thoralf.uwaterloo.ca/htdocs/ualg.html}}

@article{algebra:metamath,
	Author = {Anatolii Ivanovic Mal'cev},
	Journal = {Studies in Logic and The Foundations of Mathematics},
	Publisher = {North-Holland},
	Title = {The Metamathematics of Algebraic Systems},
	Volume = {66},
	Year = {1971}}

@book{control:Ogata,
	Address = {New Jersey},
	Author = {Katsuhiko Ogata},
	Publisher = {Prentice-Hall, Inc.},
	Title = {Modern Control Engineering},
	Year = {1970}}

@book{logic:herbrand,
	Author = {Jacques Herbrand},
	Note = {Edited by Warren D. Goldfarb},
	Publisher = {Harvard University Press, Cambridge, MA},
	Title = {Logical Writings},
	Year = {1971}}

@article{asm:gurevich,
	Author = {Y. Gurevich},
	Journal = {EATCS},
	Pages = {264-284},
	Title = {Evolving Algebra: An Attempt to Discover Semantics},
	Volume = {43},
	Year = {1991}}

@inproceedings{timed:Kronos,
	Author = {C. Daws and A. Olivero and S. Tripakis and S. Yovine},
	Booktitle = {Proceedings of "`Hybrid Systems III, Verification and Control"'. LNCS 1066.},
	Pages = {208-219},
	Publisher = {Springer-Verlag},
	Title = {The Tool Kronos},
	Year = {1996}}

@article{logic:horn,
	Author = {Alfred Horn},
	Journal = {Journal of Symbolic Logic},
	Pages = {14-21},
	Title = {On sentences which are true on direct unions of algebras},
	Volume = {16},
	Year = {1951}}

@article{logic:guptasemantics,
	Author = {G. Gupta},
	Journal = {The Logic Programming Paradigm: A 25 year perspective},
	Month = {April},
	Pages = {127-160},
	Publisher = {Springer Verlag},
	Title = {Horn Logic Denotations and Their Applications},
	Year = {1998}}

@article{timed:giotto,
	Author = {T. A. Henzinger and C. M. Kirsch and M. A.A. Sanvido and W. Pree},
	Journal = {Control Systems Magazine},
	Number = {1},
	Pages = {50-64},
	Title = {From control models to real-time code using Giotto},
	Volume = {2},
	Year = {2003}}

@inproceedings{timed:tdl,
	Address = {New York, NY},
	Author = {E. Farcas and C. Farcas and W. Pree and J. Templ},
	Booktitle = {Proc. of the 2005 ACM Conf. on Lang., Compilers, and Tools for Embedded Sys. (LCTES '05)},
	Month = {June},
	Pages = {31-39},
	Publisher = {ACM Press},
	Title = {Transparent distribution of real-time components based on logical execution time},
	Year = {2005}}

@inproceedings{timed:tdlflexray,
	Address = {Minneapolis},
	Author = {A. Naderlinger and J. Pletzer and W. Pree and J. Templ},
	Booktitle = {Proc. of the 4th International ICSE workshop on Software Engineering for Automotive Systems},
	Month = {May},
	Title = {Model-Driven Development of FlexRay-Based Systems with the Timing Definition Language (TDL)},
	Year = {2007}}

@inproceedings{timed:let,
	Author = {Slobodan Matic and Thomas A. Henzinger},
	Booktitle = {Proc. of the 26th Annual Real-Time Systems Symposium (RTSS)},
	Pages = {99--110},
	Publisher = {IEEE Computer Society Press},
	Title = {Trading End-to-End Latency for Composability},
	Year = {2005}}

@techreport{omg:mof,
	Author = {{Object Management Group}},
	Title = {Meta Object Facility Specification v1.4},
	Url = {http://www.omg.org/docs/formal/02-04-03.pdf},
	Year = {2002},
	Bdsk-Url-1 = {http://www.omg.org/docs/formal/02-04-03.pdf}}

@techreport{omg:uml,
	Author = {{Object Management Group}},
	Title = {Unified Modeling Language: Superstructure version 2.0, 3rd revised submission to OMG RFP},
	Url = {http://www.omg.org/docs/ad/00-09-02.pdf},
	Year = {2003},
	Bdsk-Url-1 = {http://www.omg.org/docs/ad/00-09-02.pdf}}

@techreport{omg:emof,
	Author = {{Object Management Group}},
	Title = {Meta Object Facility (MOF) 2.0 Core Specification},
	Url = {http://www.omg.org/docs/ptc/03-10-04.pdf},
	Year = {2003},
	Bdsk-Url-1 = {http://www.omg.org/docs/ptc/03-10-04.pdf}}

@techreport{omg:qvt,
	Author = {{Object Management Group}},
	Title = {Meta Object Facility (MOF) 2.0 Query/View/Transformation Specification},
	Url = {http://www.omg.org/docs/ptc/05-11-01.pdf},
	Year = {2005},
	Bdsk-Url-1 = {http://www.omg.org/docs/ptc/05-11-01.pdf}}

@techreport{omg:ocl,
	Author = {{Object Management Group}},
	Title = {Object Constraint Language v2.0},
	Url = {http://www.omg.org/docs/formal/06-05-01.pdf},
	Year = {2006},
	Bdsk-Url-1 = {http://www.omg.org/docs/formal/06-05-01.pdf}}

@techreport{omg:marte,
	Author = {{Object Management Group}},
	Date-Modified = {2009-09-04 14:51:04 -0500},
	Institution = {Object Management Group},
	Title = {UML Profile for Modeling and Analysis of Real-Time and Embedded Systems (MARTE)},
	Url = {http://www.omgmarte.org/Documents/Specifications/08-06-09.pdf},
	Year = {2008},
	Bdsk-Url-1 = {http://www.omgmarte.org/Documents/Specifications/08-06-09.pdf}}

@book{logic:warren,
	Author = {HASSAN A\"IT-KACI},
	Publisher = {MIT Press},
	Title = {Warren's Abstract Machine: A Tutorial Reconstruction},
	Year = {1991}}

@article{logic:chan,
	Author = {D. Chan},
	Journal = {In Proceedings of NACLP, The MIT Press},
	Pages = {447-493},
	Title = {An extension of constructive negation and its application in coroutining},
	Year = {1989}}

@inproceedings{logic:lpsemantics,
	Author = {Michael Gelfond and Vladimir Lifschitz},
	Bibsource = {DBLP, http://dblp.uni-trier.de},
	Booktitle = {ICLP/SLP},
	Pages = {1070-1080},
	Title = {The Stable Model Semantics for Logic Programming.},
	Year = {1988}}

@article{logic:lpcomplexity,
	Author = {Evgeny Dantsin and Thomas Eiter and Georg Gottlob and Andrei Voronkov},
	Bibsource = {DBLP, http://dblp.uni-trier.de},
	Ee = {http://doi.acm.org/10.1145/502807.502810},
	Journal = {ACM Comput. Surv.},
	Number = {3},
	Pages = {374-425},
	Title = {Complexity and expressive power of logic programming.},
	Volume = {33},
	Year = {2001}}

@article{sem:taggedsig,
	Author = {E. Lee and A. Sangiovanni-Vincentelli},
	Journal = {IEEE Trans. on Computer Aided Design of Integrated Circuits and Systems},
	Month = {December},
	Number = {12},
	Pages = {1217-1229},
	Title = {A Unified Framework for Comparing Models of Computation},
	Volume = {17},
	Year = {1998}}

@article{mic:mof,
	Author = {M. Emerson and J. Sztipanovits and T. Bapty},
	Journal = {Journal of Universal Computer Science},
	Month = {October},
	Number = {10},
	Pages = {1357-1382},
	Title = {A MOF-Based Metamodeling Environment},
	Volume = {10},
	Year = {2004}}

@article{modeling:metropolis,
	Author = {F. Balarin and Y. Watanabe and H. Hsieh and L. Lavagno and C. Paserone and A. L. Sangiovanni-Vincentelli},
	Journal = {IEEE Computer},
	Month = {April},
	Number = {4},
	Title = {Metropolis: an Integrated Electronic System Design Environment},
	Volume = {36},
	Year = {2003}}

@inproceedings{modeling:hybrid_abs,
    author = {Alessandro Pinto and Luca Carloni and Roberto
              Passerone and Alberto Sangiovanni-Vincentelli},
    title = {Interchange Formats for Hybrid Systems: Abstract
              Semantics},
    booktitle = {Hybrid Systems: Computation and Control},
    editor = {Joao Hespanha and Ashish Tiwari},
    pages = {491-506},
    month = {March},
    year = {2006}
}


@article{modeling:ptolemy,
	Author = {E. A. Lee and S. Neuendorffer},
	Journal = {Formal Methods and Models for Systems, Kluwer},
	Title = {Actor-oriented models for codesign: Balancing re-use and performance},
	Year = {2004}}

@misc{modeling:typedgrtrans,
	Author = {R. Heckel and J. Kuster and G. Taentzer},
	Text = {R. Heckel, J. M. Kuster, and G. Taentzer. Confluence of typed attributed graph transformation systems. In A. Corradini, H. Ehrig, H.-J. Kreowski, and G. Rozenberg (eds.), Proc. ICGT 2002: Firs International Conference on Graph Transformation, vol. 2505 of LNCS, pp. 161--176. Springer-Verlag, Barcelona, Spain, 2002.},
	Title = {Confluence of typed attributed graph transformation systems},
	Url = {citeseer.ist.psu.edu/heckel02confluence.html},
	Year = {2002},
	Bdsk-Url-1 = {citeseer.ist.psu.edu/heckel02confluence.html}}

@inproceedings{modeling:typedgrtrans2,
	Author = {Hartmut Ehrig and Ulrike Prange and Gabriele Taentzer},
	Bibsource = {DBLP, http://dblp.uni-trier.de},
	Booktitle = {ICGT},
	Crossref = {DBLP:conf/gg/2004},
	Ee = {http://springerlink.metapress.com/openurl.asp?genre=article{\&}issn=0302-9743{\&}volume=3256{\&}spage=161},
	Pages = {161-177},
	Title = {Fundamental Theory for Typed Attributed Graph Transformation.},
	Year = {2004}}

@article{modeling:heirgrtrans,
	Author = {Frank Drewes and Berthold Hoffmann and Detlef Plump},
	Bibsource = {DBLP, http://dblp.uni-trier.de},
	Ee = {http://dx.doi.org/10.1006/jcss.2001.1790},
	Journal = {J. Comput. Syst. Sci.},
	Number = {2},
	Pages = {249-283},
	Title = {Hierarchical Graph Transformation.},
	Volume = {64},
	Year = {2002}}

@inproceedings{logic:lpsemantics2,
	Author = {W. P. Weijland},
	Bibsource = {DBLP, http://dblp.uni-trier.de},
	Booktitle = {ICALP},
	Crossref = {DBLP:conf/icalp/1988},
	Pages = {710-726},
	Title = {Semantics for Logic Programs without Occur Check.},
	Year = {1988}}

@inproceedings{logic:databases,
	Author = {Jack Minker},
	Bibsource = {DBLP, http://dblp.uni-trier.de},
	Booktitle = {Logic in Databases},
	Crossref = {DBLP:conf/lid/1996},
	Pages = {3-57},
	Title = {Logic and Databases: A 20 Year Retrospective.},
	Year = {1996}}

@article{logic:datatypes,
	Address = {New York, NY, USA},
	Author = {John Guttag},
	Doi = {http://doi.acm.org/10.1145/359605.359618},
	Issn = {0001-0782},
	Journal = {Commun. ACM},
	Number = {6},
	Pages = {396--404},
	Publisher = {ACM Press},
	Title = {Abstract data types and the development of data structures},
	Volume = {20},
	Year = {1977},
	Bdsk-Url-1 = {http://doi.acm.org/10.1145/359605.359618}}

@incollection{logic:methods,
	Address = {Ithaca, New York},
	Author = {Dexter Kozen},
	Booktitle = {Logical Methods: In Honor of Anil Nerode's Sixtieth Birthday},
	Editor = {J. N. Crossley and J. B. Remmel and R. A. Shore and M. E. Sweedler},
	Pages = {490--511},
	Publisher = {Birkh{\"a}user},
	Title = {Partial automata and finitely generated congruences: An extension of {N}erode's theorem},
	Year = {1993}}

@misc{modeling:mda,
	Author = {Jean Bezivin and et al.},
	Text = {J. Bezivin and O. Gerbe. Towards a Precise Definition of the OMG/MDA FrameWork. In Proceedings of the 16th Conference on Automated Software Engineering, pages 273--280, San Diego, USA, November 2001. IEEE Computer Society Press.},
	Title = {Towards a Precise Definition of the OMG/MDA Framework},
	Url = {citeseer.ist.psu.edu/bezivin01towards.html},
	Year = {2001},
	Bdsk-Url-1 = {citeseer.ist.psu.edu/bezivin01towards.html}}

@article{modeling:metamodeling,
	Author = {Thomas Kuehne},
	Citeulike-Article-Id = {1047131},
	Doi = {10.1007/s10270-006-0017-9},
	Issn = {1619-1366},
	Journal = {Software and Systems Modeling (SoSyM)},
	Keywords = {2006 _hardcopy mde metamodeling modeling},
	Month = {December},
	Number = {4},
	Pages = {369--385},
	Priority = {4},
	Publisher = {Springer},
	Title = {Matters of (Meta-) Modeling},
	Url = {http://dx.doi.org/10.1007/s10270-006-0017-9},
	Volume = {5},
	Year = {2006},
	Bdsk-Url-1 = {http://dx.doi.org/10.1007/s10270-006-0017-9}}

@article{modeling:semantics,
	Author = {David Harel and Bernhard Rumpe},
	Bibsource = {DBLP, http://dblp.uni-trier.de},
	Ee = {http://csdl.computer.org/comp/mags/co/2004/10/rx064abs.htm},
	Journal = {IEEE Computer},
	Number = {10},
	Pages = {64-72},
	Title = {Meaningful Modeling: What's the Semantics of "Semantics"?.},
	Volume = {37},
	Year = {2004}}

@inproceedings{mic:constr,
	Author = {Ethan K. Jackson and Janos Sztipanovits},
	Booktitle = {Proceedings of MODELS 07},
	Title = {Constructive Techniques for Meta- and Model-level Reasoning},
	Year = {2007}}

@article{modeling:actors,
	Author = {Edward A. Lee and Stephen Neuendorffer and Michael J. Wirthlin},
	Bibsource = {DBLP, http://dblp.uni-trier.de},
	Ee = {http://dx.doi.org/10.1142/S0218126603000751},
	Journal = {Journal of Circuits, Systems, and Computers},
	Number = {3},
	Pages = {231-260},
	Title = {Actor-Oriented Design of Embedded Hardware and Software Systems.},
	Volume = {12},
	Year = {2003}}

@misc{mic:4ml,
	Title = {http://www.isis.vanderbilt.edu/Projects/4ml/4ml.htm}}

@techreport{modeling:msftdsl,
	Author = {{Microsoft DSL Toolkit}},
	Title = {{http://msdn2.microsoft.com/en-us/vstudio/aa718368.aspx}}}

@techreport{modeling:eclipseemf,
	Author = {{The Eclipse Modeling Framework}},
	Title = {{www.eclipse.org/emf/}}}

@article{modeling:sysweaver,
	Author = {de Niz, D. and Bhatia, G. and Rajkumar, R.},
	Doi = {10.1109/RTAS.2006.30},
	Journal = {Real-Time and Embedded Technology and Applications Symposium, 2006. Proceedings of the 12th IEEE},
	Month = {April},
	Pages = {231-242},
	Title = {Model-Based Development of Embedded Systems: The SysWeaver Approach},
	Year = {2006},
	Bdsk-Url-1 = {http://dx.doi.org/10.1109/RTAS.2006.30}}

Author = {{W. Herzner, R. Schlick, M. Schlager, B. Leiner, B. Huber, A. Balogh, G. Csertan, A. LeGuennec, T. LeSergent, N. Suri and S. Islam}},

@inproceedings{modeling:decos,
	Address = {Los Angeles, CA, USA},
	Author = {W. Herzner et al},
	Booktitle = {Proc. of SAE 2007 AeroTech Congress \& Exhibition},
	Month = {Sep},
	Title = {{Model-Based Development of Distributed Embedded Real-Time Systems with the DECOS Tool-Chain}},
	Year = {2007}}

@article{pass:fettweis86,
	Author = {A. Fettweis},
	Journal = {Proc. of the IEEE},
	Number = {2},
	Pages = {270 - 327},
	Title = {Wave digital filters: theory and practice},
	Volume = {74},
	Year = {1986}}

@inproceedings{ncs:mic,
	Author = {Emeka Eyisi and Joseph Porter and Joe Hall and Nicholas Kottenstette and Xenofon Koutsoukos and Janos Sztipanovits},
	Booktitle = {to appear in the 2nd Workshop on the Arch. and Constr. of Emb. Sys -- Model-Based (ACES-MB)},
	Title = "{PaNeCS: A Modeling Language for Passivity-based Design of Networked Control Systems}",
	Address = {Denver, Colorado},
	Year = 2009
}


@inproceedings{ncs:kottenstette07,
	Author = {Nicholas Kottenstette and Panos J. Antsaklis},
	Booktitle = {CDC '07: Proc. of the 46th {IEEE} Conf. on Decision and Control},
	Pages = {4433 - 4440},
	Title = {Stable Digital Control Networks for Continuous Passive Plants Subject to Delays and Data Dropouts},
	Year = 2007}

@article{ncs:chopra,
	Author = {N. Chopra and P. Berestesky and M.W. Spong},
	Doi = {10.1109/TCST.2007.903397},
	Issn = {1063-6536},
	Journal = {{IEEE Trans. on Control Systems Tech.}},
	Keywords = {Internet, asymptotic stability, continuous systems, delays, discrete time systems, manipulators, packet switching, telecommunication network management, telerobotics, time-varying systems, wireless LANasymptotic stability, bilateral teleoperator control, communication management module, continuous system, data loss, discrete time system, dual robot system, master robots, master-slave system, missing packet handling, packet-switched network, passivity-based framework, slave robots, time-varying delays, unreliable communication network},
	Month = {Mar},
	Number = {2},
	Pages = {304-313},
	Title = {Bilateral Teleoperation Over Unreliable Communication Networks},
	Volume = {16},
	Year = {2008},
	Bdsk-Url-1 = {http://dx.doi.org/10.1109/TCST.2007.903397}}

@inproceedings{ncs:berestesky04,
	Author = {P. Berestesky and N. Chopra and M. W. Spong},
	Booktitle = {IEEE Intl. Conf. on Robotics and Automation},
	Pages = {4557 - 4564},
	Title = {Discrete time passivity in bilateral teleoperation over the internet},
	Year = 2004}

@inproceedings{ncs:secchi03,
	Author = {Cristian Secchi and Stefano Stramigioli and Cesare Fantuzzi},
	Booktitle = {IEEE International Conference on Robotics and Automation},
	Pages = {3290 - 3295},
	Title = {Digital passive geometric telemanipulation},
	Year = 2003}

@inproceedings{pass:Golo03,
	Author = {G. Golo and A. J. van der Schaft and P. Breeveld and B. Maschke},
	Booktitle = {Nonlinear and Hybrid Systems in Automotive Control},
	Pages = {351 - 372},
	Title = {Hamiltonian formulation of bond graphs},
	Year = 2003}

@article{ncs:stramigioli,
	Author = {S. Stramigioli and C. Secchi and A.J. vanderSchaft and C. Fantuzzi},
	Doi = {10.1109/TRO.2004.842330},
	Issn = {1552-3098},
	Journal = {Robotics, IEEE Transactions on},
	Keywords = {delays, manipulators, sampled data systems, telerobotics, time-varying systems and discrete port-Hamiltonian systems, sampled data systems, sampled passivity, telemanipulation, time-varying delays, virtual environment},
	Month = {Aug.},
	Number = {4},
	Pages = {574-587},
	Title = {Sampled Data Systems Passivity and Discrete Port-Hamiltonian Systems},
	Volume = {21},
	Year = {2005},
	Bdsk-Url-1 = {http://dx.doi.org/10.1109/TRO.2004.842330}}

@book{pass:vanderschaft,
	Address = {Secaucus, NJ},
	Author = {Arjan van der Schaft},
	Publisher = {Springer-Verlag},
	Series = {Lect. Notes in Control and Inf. Sciences},
	Title = {L2-Gain and Passivity in Nonlinear Control},
	Year = {2000}}

@book{pass:haddad,
	Author = {W.M. Haddad and V.S. Chellaboina},
	Publisher = {Princeton University Press},
	Title = {Nonlinear Dynamical Systems and Control: A Lyapunov-Based Approach},
	Year = {2008}}

@article{ncs:wireless,
	Author = {N. Kottenstette and X. Koutsoukos and J. Hall and P. J. Antsaklis and J. Sztipanovits},
	Journal = {IEEE RTSS 2008},
	Pages = {15-24},
	Title = {Passivity-Based Design of Wireless Networked Control Systems for Robustness To Time-Varying Delays}
}
	Month = {Dec}
	Year = {2008}

@inproceedings{sat:smtcore,
	Author = {Alessandro Cimatti and Alberto Griggio and Roberto Sebastiani},
	Booktitle = {Proc. of Tenth Intl. Conf. on Satisfiability Testing (SAT '07)},
	Publisher = {Springer},
	Series = {LNCS},
	Title = {A Simple and Flexible Way of Computing Small Unsatisfiable Cores in SAT Modulo Theories},
	Volume = {4501},
	Year = {2007}}

@inproceedings{sat:amuse,
	Author = {Yoonna Oh and Maher Mneimneh and Zaher Andraus and Karem Sakallah and Igor Markov},
	Booktitle = {Proc. of the Design Automation Conference (DAC)},
	Month = {June},
	Organization = {ACM/IEEE},
	Pages = {518--523},
	Title = {AMUSE: A Minimally-Unsatisfiable Subformula Extractor},
	Url = {http://www.gigascale.org/pubs/544.html},
	Year = {2004},
	Bdsk-Url-1 = {http://www.gigascale.org/pubs/544.html}}

